
@article{leauthaud_theoretical_2011,
	title = {A {THEORETICAL} {FRAMEWORK} {FOR} {COMBINING} {TECHNIQUES} {THAT} {PROBE} {THE} {LINK} {BETWEEN} {GALAXIES} {AND} {DARK} {MATTER}},
	volume = {738},
	issn = {0004-637X, 1538-4357},
	url = {http://stacks.iop.org/0004-637X/738/i=1/a=45?key=crossref.2de6881d446f01d6d6f3f2481126b2ab},
	doi = {10.1088/0004-637X/738/1/45},
	number = {1},
	urldate = {2014-04-06},
	journal = {The Astrophysical Journal},
	author = {Leauthaud, Alexie and Tinker, Jeremy and Behroozi, Peter S. and Busha, Michael T. and Wechsler, Risa H.},
	month = sep,
	year = {2011},
	pages = {45},
	file = {apj_738_1_45.pdf:/Users/nitya/Zotero/storage/X846864N/apj_738_1_45.pdf:application/pdf}
}

@article{wilman_multiscale_2010,
	title = {A multiscale approach to environment and its influence on the colour distribution of galaxies: {Multiscale} environment and galaxy colours},
	issn = {00358711, 13652966},
	shorttitle = {A multiscale approach to environment and its influence on the colour distribution of galaxies},
	url = {http://mnras.oxfordjournals.org/cgi/doi/10.1111/j.1365-2966.2010.16845.x},
	doi = {10.1111/j.1365-2966.2010.16845.x},
	language = {en},
	urldate = {2014-03-24},
	journal = {Monthly Notices of the Royal Astronomical Society},
	author = {Wilman, D. J. and Zibetti, S. and Budavári, T.},
	month = jun,
	year = {2010},
	pages = {no--no},
	file = {MNRAS-2010-Wilman-1701-20.pdf:/Users/nitya/Zotero/storage/5EAGSBHC/MNRAS-2010-Wilman-1701-20.pdf:application/pdf}
}

@article{peng_mass_2010,
	title = {{MASS} {AND} {ENVIRONMENT} {AS} {DRIVERS} {OF} {GALAXY} {EVOLUTION} {IN} {SDSS} {AND} {zCOSMOS} {AND} {THE} {ORIGIN} {OF} {THE} {SCHECHTER} {FUNCTION}},
	volume = {721},
	issn = {0004-637X, 1538-4357},
	url = {http://stacks.iop.org/0004-637X/721/i=1/a=193?key=crossref.884ca20e0f924a9981b09cfb134a5de0},
	doi = {10.1088/0004-637X/721/1/193},
	number = {1},
	urldate = {2014-03-13},
	journal = {The Astrophysical Journal},
	author = {Peng, Ying-jie and Lilly, Simon J. and Kovač, Katarina and Bolzonella, Micol and Pozzetti, Lucia and Renzini, Alvio and Zamorani, Gianni and Ilbert, Olivier and Knobel, Christian and Iovino, Angela and Maier, Christian and Cucciati, Olga and Tasca, Lidia and Carollo, C. Marcella and Silverman, John and Kampczyk, Pawel and de Ravel, Loic and Sanders, David and Scoville, Nicholas and Contini, Thierry and Mainieri, Vincenzo and Scodeggio, Marco and Kneib, Jean-Paul and Le Fèvre, Olivier and Bardelli, Sandro and Bongiorno, Angela and Caputi, Karina and Coppa, Graziano and de la Torre, Sylvain and Franzetti, Paolo and Garilli, Bianca and Lamareille, Fabrice and Le Borgne, Jean-Francois and Le Brun, Vincent and Mignoli, Marco and Montero, Enrique Perez and Pello, Roser and Ricciardelli, Elena and Tanaka, Masayuki and Tresse, Laurence and Vergani, Daniela and Welikala, Niraj and Zucca, Elena and Oesch, Pascal and Abbas, Ummi and Barnes, Luke and Bordoloi, Rongmon and Bottini, Dario and Cappi, Alberto and Cassata, Paolo and Cimatti, Andrea and Fumana, Marco and Hasinger, Gunther and Koekemoer, Anton and Leauthaud, Alexei and Maccagni, Dario and Marinoni, Christian and McCracken, Henry and Memeo, Pierdomenico and Meneux, Baptiste and Nair, Preethi and Porciani, Cristiano and Presotto, Valentina and Scaramella, Roberto},
	month = sep,
	year = {2010},
	pages = {193--221},
	file = {apj_721_1_193.pdf:/Users/nitya/Zotero/storage/7XCJ2ABW/apj_721_1_193.pdf:application/pdf}
}

@article{phleps_more_2013,
	title = {More than just halo mass: {Modelling} how the red galaxy fraction depends on multiscale density in a {HOD} framework},
	shorttitle = {More than just halo mass},
	url = {http://arxiv.org/abs/1312.1340},
	urldate = {2014-03-11},
	journal = {arXiv preprint arXiv:1312.1340},
	author = {Phleps, Stefanie and Wilman, David J. and Zibetti, Stefano and Budavári, Tamás},
	year = {2013},
	file = {1312.1340.pdf:/Users/nitya/Zotero/storage/436KP8Z2/1312.1340.pdf:application/pdf}
}

@article{allen_cosmological_2011,
	title = {Cosmological {Parameters} from {Observations} of {Galaxy} {Clusters}},
	volume = {49},
	issn = {0066-4146, 1545-4282},
	url = {http://www.annualreviews.org/doi/abs/10.1146/annurev-astro-081710-102514},
	doi = {10.1146/annurev-astro-081710-102514},
	number = {1},
	urldate = {2014-02-22},
	journal = {Annual Review of Astronomy and Astrophysics},
	author = {Allen, Steven W. and Evrard, August E. and Mantz, Adam B.},
	month = sep,
	year = {2011},
	pages = {409--470},
	file = {annurev-astro-081710-102514.pdf:/Users/nitya/Zotero/storage/R7P7H854/annurev-astro-081710-102514.pdf:application/pdf}
}

@article{bundy_mass_2006,
	title = {The mass assembly history of field galaxies: detection of an evolving mass limit for star-forming galaxies},
	volume = {651},
	shorttitle = {The mass assembly history of field galaxies},
	url = {http://iopscience.iop.org/0004-637X/651/1/120},
	number = {1},
	urldate = {2014-02-22},
	journal = {The Astrophysical Journal},
	author = {Bundy, Kevin and Ellis, Richard S. and Conselice, Christopher J. and Taylor, James E. and Cooper, Michael C. and Willmer, Christopher NA and Weiner, Benjamin J. and Coil, Alison L. and Noeske, Kai G. and Eisenhardt, Peter RM},
	year = {2006},
	pages = {120},
	file = {64327.web.pdf:/Users/nitya/Zotero/storage/2TBCDTU9/64327.web.pdf:application/pdf;MAGPHYS_readme.pdf:/Users/nitya/Zotero/storage/Q4RT3XAX/MAGPHYS_readme.pdf:application/pdf}
}

@article{noauthor_notitle_nodate
}

@article{blanton_scale_2006,
	title = {The {Scale} {Dependence} of {Relative} {Galaxy} {Bias}: {Encouragement} for the},
	volume = {645},
	shorttitle = {The {Scale} {Dependence} of {Relative} {Galaxy} {Bias}},
	url = {http://iopscience.iop.org/0004-637X/645/2/977},
	number = {2},
	urldate = {2014-02-22},
	journal = {The Astrophysical Journal},
	author = {Blanton, Michael R. and Eisenstein, Daniel and Hogg, David W. and Zehavi, Idit},
	year = {2006},
	pages = {977}
}

@article{zu_redshift-space_2013,
	title = {The redshift-space cluster-galaxy cross-correlation function - {I}. {Modelling} galaxy infall on to {Millennium} simulation clusters and {SDSS} groups},
	volume = {431},
	issn = {0035-8711, 1365-2966},
	url = {http://mnras.oxfordjournals.org/cgi/doi/10.1093/mnras/stt411},
	doi = {10.1093/mnras/stt411},
	number = {4},
	urldate = {2014-02-22},
	journal = {Monthly Notices of the Royal Astronomical Society},
	author = {Zu, Y. and Weinberg, D. H.},
	month = apr,
	year = {2013},
	pages = {3319--3337},
	file = {MNRAS-2013-Zu-3319-37.pdf:/Users/nitya/Zotero/storage/27IXZN2G/MNRAS-2013-Zu-3319-37.pdf:application/pdf}
}

@article{skibba_measures_2012,
	title = {Measures of galaxy environment - {II}. {Rank}-ordered mark correlations},
	volume = {429},
	issn = {0035-8711, 1365-2966},
	url = {http://mnras.oxfordjournals.org/cgi/doi/10.1093/mnras/sts349},
	doi = {10.1093/mnras/sts349},
	number = {1},
	urldate = {2014-02-22},
	journal = {Monthly Notices of the Royal Astronomical Society},
	author = {Skibba, R. A. and Sheth, R. K. and Croton, D. J. and Muldrew, S. I. and Abbas, U. and Pearce, F. R. and Shattow, G. M.},
	month = dec,
	year = {2012},
	pages = {458--468},
	file = {MNRAS-2013-Skibba-458-68.pdf:/Users/nitya/Zotero/storage/SUJN2PSS/MNRAS-2013-Skibba-458-68.pdf:application/pdf}
}

@article{shattow_measures_2013,
	title = {Measures of galaxy environment - {III}. {Difficulties} in identifying protoclusters at z 2},
	volume = {433},
	issn = {0035-8711, 1365-2966},
	url = {http://mnras.oxfordjournals.org/cgi/doi/10.1093/mnras/stt998},
	doi = {10.1093/mnras/stt998},
	number = {4},
	urldate = {2014-02-22},
	journal = {Monthly Notices of the Royal Astronomical Society},
	author = {Shattow, G. M. and Croton, D. J. and Skibba, R. A. and Muldrew, S. I. and Pearce, F. R. and Abbas, U.},
	month = jun,
	year = {2013},
	pages = {3314--3324},
	file = {MNRAS-2013-Shattow-3314-24.pdf:/Users/nitya/Zotero/storage/4QKF32K6/MNRAS-2013-Shattow-3314-24.pdf:application/pdf}
}

@article{wilman_multiscale_2010-1,
	title = {A multiscale approach to environment and its influence on the colour distribution of galaxies: {Multiscale} environment and galaxy colours},
	issn = {00358711, 13652966},
	shorttitle = {A multiscale approach to environment and its influence on the colour distribution of galaxies},
	url = {http://mnras.oxfordjournals.org/cgi/doi/10.1111/j.1365-2966.2010.16845.x},
	doi = {10.1111/j.1365-2966.2010.16845.x},
	urldate = {2014-02-22},
	journal = {Monthly Notices of the Royal Astronomical Society},
	author = {Wilman, D. J. and Zibetti, S. and Budavári, T.},
	month = jun,
	year = {2010},
	pages = {no--no},
	file = {MNRAS-2010-Wilman-1701-20.pdf:/Users/nitya/Zotero/storage/JRHSI3SJ/MNRAS-2010-Wilman-1701-20.pdf:application/pdf}
}

@article{muldrew_measures_2012,
	title = {Measures of galaxy environment - {I}. {What} is ‘environment’?: {What} is galaxy environment?},
	volume = {419},
	issn = {00358711},
	shorttitle = {Measures of galaxy environment - {I}. {What} is ‘environment’?},
	url = {http://mnras.oxfordjournals.org/cgi/doi/10.1111/j.1365-2966.2011.19922.x},
	doi = {10.1111/j.1365-2966.2011.19922.x},
	number = {3},
	urldate = {2014-02-22},
	journal = {Monthly Notices of the Royal Astronomical Society},
	author = {Muldrew, Stuart I. and Croton, Darren J. and Skibba, Ramin A. and Pearce, Frazer R. and Ann, Hong Bae and Baldry, Ivan K. and Brough, Sarah and Choi, Yun-Young and Conselice, Christopher J. and Cowan, Nicolas B. and Gallazzi, Anna and Gray, Meghan E. and Grützbauch, Ruth and Li, I-Hui and Park, Changbom and Pilipenko, Sergey V. and Podgorzec, Bret J. and Robotham, Aaron S. G. and Wilman, David J. and Yang, Xiaohu and Zhang, Youcai and Zibetti, Stefano},
	month = jan,
	year = {2012},
	pages = {2670--2682},
	file = {j.1365-2966.2011.19922.x.pdf:/Users/nitya/Zotero/storage/GMU7KWJ7/j.1365-2966.2011.19922.x.pdf:application/pdf}
}

@article{blanton_what_2007,
	title = {What aspects of galaxy environment matter?},
	volume = {664},
	url = {http://iopscience.iop.org/0004-637X/664/2/791},
	number = {2},
	urldate = {2014-02-22},
	journal = {The Astrophysical Journal},
	author = {Blanton, Michael R. and Berlind, Andreas A.},
	year = {2007},
	pages = {791},
	file = {70097.web.pdf:/Users/nitya/Zotero/storage/SAT36BMH/70097.web.pdf:application/pdf}
}

@article{cowan_environment_2008,
	title = {The environment of galaxies at low redshift},
	volume = {674},
	url = {http://iopscience.iop.org/1538-4357/674/1/L13},
	number = {1},
	urldate = {2014-02-22},
	journal = {The Astrophysical Journal Letters},
	author = {Cowan, Nicolas B. and Ivezić, {\textbackslash}vZeljko},
	year = {2008},
	pages = {L13},
	file = {528986.pdf:/Users/nitya/Zotero/storage/F6KISBZ2/528986.pdf:application/pdf}
}

@article{cooper_deep2_2007,
	title = {The {DEEP}2 {Galaxy} {Redshift} {Survey}: the role of galaxy environment in the cosmic star formation history: {Star} formation and environment at z ∼1},
	volume = {383},
	issn = {00358711, 13652966},
	shorttitle = {The {DEEP}2 {Galaxy} {Redshift} {Survey}},
	url = {http://mnras.oxfordjournals.org/cgi/doi/10.1111/j.1365-2966.2007.12613.x},
	doi = {10.1111/j.1365-2966.2007.12613.x},
	number = {3},
	urldate = {2014-02-22},
	journal = {Monthly Notices of the Royal Astronomical Society},
	author = {Cooper, Michael C. and Newman, Jeffrey A. and Weiner, Benjamin J. and Yan, Renbin and Willmer, Christopher N. A. and Bundy, Kevin and Coil, Alison L. and Conselice, Christopher J. and Davis, Marc and Faber, S. M. and Gerke, Brian F. and Guhathakurta, Puragra and Koo, David C. and Noeske, Kai G.},
	month = dec,
	year = {2007},
	pages = {1058--1078},
	file = {2008MNRAS_383_1058C(1).pdf:/Users/nitya/Zotero/storage/RA279W8D/2008MNRAS_383_1058C(1).pdf:application/pdf}
}

@article{cooper_deep2_2007-1,
	title = {The {DEEP}2 {Galaxy} {Redshift} {Survey}: the role of galaxy environment in the cosmic star formation history: {Star} formation and environment at z ∼1},
	volume = {383},
	issn = {00358711, 13652966},
	shorttitle = {The {DEEP}2 {Galaxy} {Redshift} {Survey}},
	url = {http://mnras.oxfordjournals.org/cgi/doi/10.1111/j.1365-2966.2007.12613.x},
	doi = {10.1111/j.1365-2966.2007.12613.x},
	number = {3},
	urldate = {2014-02-22},
	journal = {Monthly Notices of the Royal Astronomical Society},
	author = {Cooper, Michael C. and Newman, Jeffrey A. and Weiner, Benjamin J. and Yan, Renbin and Willmer, Christopher N. A. and Bundy, Kevin and Coil, Alison L. and Conselice, Christopher J. and Davis, Marc and Faber, S. M. and Gerke, Brian F. and Guhathakurta, Puragra and Koo, David C. and Noeske, Kai G.},
	month = dec,
	year = {2007},
	pages = {1058--1078},
	file = {2008MNRAS_383_1058C.pdf:/Users/nitya/Zotero/storage/KPCFU34B/2008MNRAS_383_1058C.pdf:application/pdf}
}

@article{kauffmann_environmental_2004,
	title = {The environmental dependence of the relations between stellar mass, structure, star formation and nuclear activity in galaxies: {Galaxy} structure, star formation and nuclear activity},
	volume = {353},
	issn = {00358711, 13652966},
	shorttitle = {The environmental dependence of the relations between stellar mass, structure, star formation and nuclear activity in galaxies},
	url = {http://mnras.oxfordjournals.org/cgi/doi/10.1111/j.1365-2966.2004.08117.x},
	doi = {10.1111/j.1365-2966.2004.08117.x},
	number = {3},
	urldate = {2014-02-22},
	journal = {Monthly Notices of the Royal Astronomical Society},
	author = {Kauffmann, Guinevere and White, Simon D. M. and Heckman, Timothy M. and Ménard, Brice and Brinchmann, Jarle and Charlot, Stéphane and Tremonti, Christy and Brinkmann, Jon},
	month = aug,
	year = {2004},
	pages = {713--731},
	file = {2004MNRAS_353__713K.pdf:/Users/nitya/Zotero/storage/ID24SGXR/2004MNRAS_353__713K.pdf:application/pdf}
}

@article{blanton_relationship_2005,
	title = {Relationship between environment and the broadband optical properties of galaxies in the sloan digital sky survey},
	volume = {629},
	url = {http://iopscience.iop.org/0004-637X/629/1/143},
	number = {1},
	urldate = {2014-02-22},
	journal = {The Astrophysical Journal},
	author = {Blanton, Michael R. and Eisenstein, Daniel and Hogg, David W. and Schlegel, David J. and Brinkmann, J.},
	year = {2005},
	pages = {143},
	file = {0004-637X_629_1_143.pdf:/Users/nitya/Zotero/storage/6N5SQNJ2/0004-637X_629_1_143.pdf:application/pdf}
}

@article{berlind_clustering_2006,
	title = {The {Clustering} of {Galaxy} {Groups}: {Dependence} on {Mass} and {Other} {Properties}},
	shorttitle = {The {Clustering} of {Galaxy} {Groups}},
	url = {http://arxiv.org/abs/astro-ph/0610524},
	urldate = {2014-02-22},
	journal = {arXiv preprint astro-ph/0610524},
	author = {Berlind, Andreas A. and Kazin, Eyal and Blanton, Michael R. and Pueblas, Sebastian and Scoccimarro, Roman and Hogg, David W.},
	year = {2006},
	file = {0610524v1.pdf:/Users/nitya/Zotero/storage/Z2TJWCZZ/0610524v1.pdf:application/pdf;pdf\;jsessionid=B1E53E1C8B3897387A2194E9B01DE777.c1.iopscience.cld.iop.org.pdf:/Users/nitya/Zotero/storage/IMRUSBJS/pdf\;jsessionid=B1E53E1C8B3897387A2194E9B01DE777.c1.iopscience.cld.iop.org.pdf:application/pdf}
}

@article{kravtsov_dark_2004,
	title = {The dark side of the halo occupation distribution},
	volume = {609},
	url = {http://iopscience.iop.org/0004-637X/609/1/35},
	number = {1},
	urldate = {2014-02-22},
	journal = {The Astrophysical Journal},
	author = {Kravtsov, Andrey V. and Berlind, Andreas A. and Wechsler, Risa H. and Klypin, Anatoly A. and Gottlöber, Stefan and Allgood, Brandon and Primack, Joel R.},
	year = {2004},
	pages = {35},
	file = {58905.web.pdf:/Users/nitya/Zotero/storage/ZMV86Z3E/58905.web.pdf:application/pdf}
}

@article{blanton_relationship_2005-1,
	title = {Relationship between environment and the broadband optical properties of galaxies in the sloan digital sky survey},
	volume = {629},
	url = {http://iopscience.iop.org/0004-637X/629/1/143},
	number = {1},
	urldate = {2014-02-22},
	journal = {The Astrophysical Journal},
	author = {Blanton, Michael R. and Eisenstein, Daniel and Hogg, David W. and Schlegel, David J. and Brinkmann, J.},
	year = {2005},
	pages = {143},
	file = {59154.web.pdf:/Users/nitya/Zotero/storage/BIKZA37D/59154.web.pdf:application/pdf}
}

@article{berlind_interpreting_2005,
	title = {Interpreting the relationship between galaxy luminosity, color, and environment},
	volume = {629},
	url = {http://iopscience.iop.org/0004-637X/629/2/625},
	number = {2},
	urldate = {2014-02-22},
	journal = {The Astrophysical Journal},
	author = {Berlind, Andreas A. and Blanton, Michael R. and Hogg, David W. and Weinberg, David H. and Davé, Romeel and Eisenstein, Daniel J. and Katz, Neal},
	year = {2005},
	pages = {625},
	file = {60858.web.pdf:/Users/nitya/Zotero/storage/UXNR7U77/60858.web.pdf:application/pdf}
}

@article{blanton_scale_2006-1,
	title = {The {Scale} {Dependence} of {Relative} {Galaxy} {Bias}: {Encouragement} for the},
	volume = {645},
	shorttitle = {The {Scale} {Dependence} of {Relative} {Galaxy} {Bias}},
	url = {http://iopscience.iop.org/0004-637X/645/2/977},
	number = {2},
	urldate = {2014-02-22},
	journal = {The Astrophysical Journal},
	author = {Blanton, Michael R. and Eisenstein, Daniel and Hogg, David W. and Zehavi, Idit},
	year = {2006},
	pages = {977},
	file = {61575.web.pdf:/Users/nitya/Zotero/storage/9RCCX2TT/61575.web.pdf:application/pdf}
}

@article{blanton_scale_2006-2,
	title = {The {Scale} {Dependence} of {Relative} {Galaxy} {Bias}: {Encouragement} for the},
	volume = {645},
	shorttitle = {The {Scale} {Dependence} of {Relative} {Galaxy} {Bias}},
	url = {http://iopscience.iop.org/0004-637X/645/2/977},
	number = {2},
	urldate = {2014-02-22},
	journal = {The Astrophysical Journal},
	author = {Blanton, Michael R. and Eisenstein, Daniel and Hogg, David W. and Zehavi, Idit},
	year = {2006},
	pages = {977},
	file = {61575.web(1).pdf:/Users/nitya/Zotero/storage/AICZDKGB/61575.web(1).pdf:application/pdf}
}

@article{blanton_scale_2006-3,
	title = {The {Scale} {Dependence} of {Relative} {Galaxy} {Bias}: {Encouragement} for the},
	volume = {645},
	shorttitle = {The {Scale} {Dependence} of {Relative} {Galaxy} {Bias}},
	url = {http://iopscience.iop.org/0004-637X/645/2/977},
	number = {2},
	urldate = {2014-02-22},
	journal = {The Astrophysical Journal},
	author = {Blanton, Michael R. and Eisenstein, Daniel and Hogg, David W. and Zehavi, Idit},
	year = {2006},
	pages = {977},
	file = {61575.web(2).pdf:/Users/nitya/Zotero/storage/7D5T2V2F/61575.web(2).pdf:application/pdf}
}

@article{cooper_measuring_2005,
	title = {Measuring galaxy environments with deep redshift surveys},
	volume = {634},
	url = {http://iopscience.iop.org/0004-637X/634/2/833},
	number = {2},
	urldate = {2014-02-22},
	journal = {The Astrophysical Journal},
	author = {Cooper, Michael C. and Newman, Jeffrey A. and Madgwick, Darren S. and Gerke, Brian F. and Yan, Renbin and Davis, Marc},
	year = {2005},
	pages = {833},
	file = {62450.web.pdf:/Users/nitya/Zotero/storage/N8MKQ9F2/62450.web.pdf:application/pdf}
}

@article{conroy_modeling_2006,
	title = {Modeling luminosity-dependent galaxy clustering through cosmic time},
	volume = {647},
	url = {http://iopscience.iop.org/0004-637X/647/1/201},
	number = {1},
	urldate = {2014-02-22},
	journal = {The Astrophysical Journal},
	author = {Conroy, Charlie and Wechsler, Risa H. and Kravtsov, Andrey V.},
	year = {2006},
	pages = {201},
	file = {64285.web.pdf:/Users/nitya/Zotero/storage/XGQXU5M9/64285.web.pdf:application/pdf}
}

@article{berlind_percolation_2006,
	title = {Percolation galaxy groups and clusters in the {SDSS} redshift survey: identification, catalogs, and the multiplicity function},
	volume = {167},
	shorttitle = {Percolation galaxy groups and clusters in the {SDSS} redshift survey},
	url = {http://iopscience.iop.org/0067-0049/167/1/1},
	number = {1},
	urldate = {2014-02-22},
	journal = {The Astrophysical Journal Supplement Series},
	author = {Berlind, Andreas A. and Frieman, Joshua and Weinberg, David H. and Blanton, Michael R. and Warren, Michael S. and Abazajian, Kevork and Scranton, Ryan and Hogg, David W. and Scoccimarro, Roman and Bahcall, Neta A.},
	year = {2006},
	pages = {1},
	file = {64480.web.pdf:/Users/nitya/Zotero/storage/SHHE7QVJ/64480.web.pdf:application/pdf}
}

@article{blanton_what_2007-1,
	title = {What aspects of galaxy environment matter?},
	volume = {664},
	url = {http://iopscience.iop.org/0004-637X/664/2/791},
	number = {2},
	urldate = {2014-02-22},
	journal = {The Astrophysical Journal},
	author = {Blanton, Michael R. and Berlind, Andreas A.},
	year = {2007},
	pages = {791},
	file = {70097.web(2).pdf:/Users/nitya/Zotero/storage/UQEDQCG5/70097.web(2).pdf:application/pdf}
}

@article{blanton_physical_2009,
	title = {Physical {Properties} and {Environments} of {Nearby} {Galaxies}},
	volume = {47},
	issn = {0066-4146, 1545-4282},
	url = {http://www.annualreviews.org/doi/abs/10.1146/annurev-astro-082708-101734},
	doi = {10.1146/annurev-astro-082708-101734},
	number = {1},
	urldate = {2014-02-22},
	journal = {Annual Review of Astronomy and Astrophysics},
	author = {Blanton, Michael R. and Moustakas, John},
	month = sep,
	year = {2009},
	pages = {159--210},
	file = {annurev-astro-082708-101734(1).pdf:/Users/nitya/Zotero/storage/K8P6X9BZ/annurev-astro-082708-101734(1).pdf:application/pdf}
}

@article{yang_galaxy_2009,
	title = {{GALAXY} {GROUPS} {IN} {THE} {SDSS} {DR}4. {III}. {THE} {LUMINOSITY} {AND} {STELLAR} {MASS} {FUNCTIONS}},
	volume = {695},
	issn = {0004-637X, 1538-4357},
	url = {http://stacks.iop.org/0004-637X/695/i=2/a=900?key=crossref.bbb9dae0427225fdf98ad546f1f0f44f},
	doi = {10.1088/0004-637X/695/2/900},
	number = {2},
	urldate = {2014-02-22},
	journal = {The Astrophysical Journal},
	author = {Yang, Xiaohu and Mo, H. J. and van den Bosch, Frank C.},
	month = apr,
	year = {2009},
	pages = {900--916}
}

@article{baldry_galaxy_2006,
	title = {Galaxy bimodality versus stellar mass and environment},
	volume = {373},
	issn = {0035-8711, 1365-2966},
	url = {http://mnras.oxfordjournals.org/cgi/doi/10.1111/j.1365-2966.2006.11081.x},
	doi = {10.1111/j.1365-2966.2006.11081.x},
	number = {2},
	urldate = {2014-02-22},
	journal = {Monthly Notices of the Royal Astronomical Society},
	author = {Baldry, I. K. and Balogh, M. L. and Bower, R. G. and Glazebrook, K. and Nichol, R. C. and Bamford, S. P. and Budavari, T.},
	month = dec,
	year = {2006},
	pages = {469--483},
	file = {baldry_2006_gal_evol.pdf:/Users/nitya/Zotero/storage/D8IRQNIK/baldry_2006_gal_evol.pdf:application/pdf}
}

@article{blanton_broadband_2003,
	title = {The {Broadband} optical properties of galaxies with redshifts 0.02{\textless} z{\textless} 0.22},
	volume = {594},
	url = {http://iopscience.iop.org/0004-637X/594/1/186},
	number = {1},
	urldate = {2014-02-22},
	journal = {The Astrophysical Journal},
	author = {Blanton, Michael R. and Hogg, David W. and Bahcall, Neta A. and Baldry, Ivan K. and Brinkmann, J. and Csabai, Istvan and Eisenstein, Daniel and Fukugita, Masataka and Gunn, James E. and Ivezić, {\textbackslash}vZeljko},
	year = {2003},
	pages = {186},
	file = {blanton2003_broadband_optical_properties.pdf:/Users/nitya/Zotero/storage/SFN6QEFR/blanton2003_broadband_optical_properties.pdf:application/pdf}
}

@article{blanton_physical_2009-1,
	title = {Physical {Properties} and {Environments} of {Nearby} {Galaxies}},
	volume = {47},
	issn = {0066-4146, 1545-4282},
	url = {http://www.annualreviews.org/doi/abs/10.1146/annurev-astro-082708-101734},
	doi = {10.1146/annurev-astro-082708-101734},
	number = {1},
	urldate = {2014-02-22},
	journal = {Annual Review of Astronomy and Astrophysics},
	author = {Blanton, Michael R. and Moustakas, John},
	month = sep,
	year = {2009},
	pages = {159--210},
	file = {blanton2009_review_environ.pdf:/Users/nitya/Zotero/storage/EB8SJUU9/blanton2009_review_environ.pdf:application/pdf}
}

@article{wang_reconstructing_2009,
	title = {Reconstructing the cosmic density field with the distribution of dark matter haloes},
	volume = {394},
	issn = {00358711, 13652966},
	url = {http://mnras.oxfordjournals.org/cgi/doi/10.1111/j.1365-2966.2008.14301.x},
	doi = {10.1111/j.1365-2966.2008.14301.x},
	number = {1},
	urldate = {2014-02-22},
	journal = {Monthly Notices of the Royal Astronomical Society},
	author = {Wang, Huiyuan and Mo, H. J. and Jing, Y. P. and Guo, Yicheng and van den Bosch, Frank C. and Yang, Xiaohu},
	month = mar,
	year = {2009},
	pages = {398--414},
	file = {MNRAS-2009-Wang-398-414.pdf:/Users/nitya/Zotero/storage/K3G4ZB82/MNRAS-2009-Wang-398-414.pdf:application/pdf;SED_Brown.pdf:/Users/nitya/Zotero/storage/MCSUCAF9/SED_Brown.pdf:application/pdf}
}

@article{wang_reconstructing_2009-1,
	title = {Reconstructing the cosmic density field with the distribution of dark matter haloes},
	volume = {394},
	issn = {00358711, 13652966},
	url = {http://mnras.oxfordjournals.org/cgi/doi/10.1111/j.1365-2966.2008.14301.x},
	doi = {10.1111/j.1365-2966.2008.14301.x},
	number = {1},
	urldate = {2014-02-22},
	journal = {Monthly Notices of the Royal Astronomical Society},
	author = {Wang, Huiyuan and Mo, H. J. and Jing, Y. P. and Guo, Yicheng and van den Bosch, Frank C. and Yang, Xiaohu},
	month = mar,
	year = {2009},
	pages = {398--414},
	file = {MNRAS-2009-Wang-398-414(1).pdf:/Users/nitya/Zotero/storage/89C3N47V/MNRAS-2009-Wang-398-414(1).pdf:application/pdf}
}

@article{weinmann_cluster_2010,
	title = {Cluster galaxies die hard: {Cluster} galaxies die hard},
	volume = {406},
	issn = {00358711},
	shorttitle = {Cluster galaxies die hard},
	url = {http://mnras.oxfordjournals.org/cgi/doi/10.1111/j.1365-2966.2010.16855.x},
	doi = {10.1111/j.1365-2966.2010.16855.x},
	number = {4},
	urldate = {2014-02-22},
	journal = {Monthly Notices of the Royal Astronomical Society},
	author = {Weinmann, Simone M. and Kauffmann, Guinevere and von der Linden, Anja and De Lucia, Gabriella},
	month = aug,
	year = {2010},
	pages = {2249--2266},
	file = {MNRAS-2010-Weinmann-2249-66.pdf:/Users/nitya/Zotero/storage/AHXCNITI/MNRAS-2010-Weinmann-2249-66.pdf:application/pdf}
}

@article{weinmann_cluster_2010-1,
	title = {Cluster galaxies die hard: {Cluster} galaxies die hard},
	volume = {406},
	issn = {00358711},
	shorttitle = {Cluster galaxies die hard},
	url = {http://mnras.oxfordjournals.org/cgi/doi/10.1111/j.1365-2966.2010.16855.x},
	doi = {10.1111/j.1365-2966.2010.16855.x},
	number = {4},
	urldate = {2014-02-22},
	journal = {Monthly Notices of the Royal Astronomical Society},
	author = {Weinmann, Simone M. and Kauffmann, Guinevere and von der Linden, Anja and De Lucia, Gabriella},
	month = aug,
	year = {2010},
	pages = {2249--2266},
	file = {MNRAS-2010-Weinmann-2249-66(1).pdf:/Users/nitya/Zotero/storage/DTJNUSFW/MNRAS-2010-Weinmann-2249-66(1).pdf:application/pdf}
}

@article{wetzel_galaxy_2012,
	title = {Galaxy evolution in groups and clusters: star formation rates, red sequence fractions and the persistent bimodality: {Galaxy} evolution in groups and clusters},
	volume = {424},
	issn = {00358711},
	shorttitle = {Galaxy evolution in groups and clusters},
	url = {http://mnras.oxfordjournals.org/cgi/doi/10.1111/j.1365-2966.2012.21188.x},
	doi = {10.1111/j.1365-2966.2012.21188.x},
	number = {1},
	urldate = {2014-02-22},
	journal = {Monthly Notices of the Royal Astronomical Society},
	author = {Wetzel, Andrew R. and Tinker, Jeremy L. and Conroy, Charlie},
	month = jul,
	year = {2012},
	pages = {232--243},
	file = {MNRAS-2012-Wetzel-232-43.pdf:/Users/nitya/Zotero/storage/UWEGW5C7/MNRAS-2012-Wetzel-232-43.pdf:application/pdf}
}

@article{wetzel_galaxy_2013,
	title = {Galaxy evolution in groups and clusters: satellite star formation histories and quenching time-scales in a hierarchical {Universe}},
	volume = {432},
	issn = {0035-8711, 1365-2966},
	shorttitle = {Galaxy evolution in groups and clusters},
	url = {http://mnras.oxfordjournals.org/cgi/doi/10.1093/mnras/stt469},
	doi = {10.1093/mnras/stt469},
	number = {1},
	urldate = {2014-02-22},
	journal = {Monthly Notices of the Royal Astronomical Society},
	author = {Wetzel, A. R. and Tinker, J. L. and Conroy, C. and van den Bosch, F. C.},
	month = apr,
	year = {2013},
	pages = {336--358},
	file = {MNRAS-2013-Wetzel-336-58.pdf:/Users/nitya/Zotero/storage/WR98PGNT/MNRAS-2013-Wetzel-336-58.pdf:application/pdf}
}

@article{mo_establishing_2007,
	title = {Establishing the relationship between galaxies and dark matter},
	volume = {2},
	issn = {1743-9213, 1743-9221},
	url = {http://www.journals.cambridge.org/abstract_S1743921306005023},
	doi = {10.1017/S1743921306005023},
	number = {S235},
	urldate = {2014-02-22},
	journal = {Proceedings of the International Astronomical Union},
	author = {Mo, H. J. and Yang, X.H. and van den Bosch, F.C. and Jing, Y.P. and Weinmann, S.M.},
	month = apr,
	year = {2007},
	pages = {43},
	file = {S1743921306005023a.pdf:/Users/nitya/Zotero/storage/2WJ8KNFN/S1743921306005023a.pdf:application/pdf}
}

@article{zehavi_galaxy_2011,
	title = {Galaxy clustering in the completed {SDSS} redshift survey: the dependence on color and luminosity},
	volume = {736},
	shorttitle = {Galaxy clustering in the completed {SDSS} redshift survey},
	url = {http://iopscience.iop.org/0004-637X/736/1/59},
	number = {1},
	urldate = {2014-02-22},
	journal = {The Astrophysical Journal},
	author = {Zehavi, Idit and Zheng, Zheng and Weinberg, David H. and Blanton, Michael R. and Bahcall, Neta A. and Berlind, Andreas A. and Brinkmann, Jon and Frieman, Joshua A. and Gunn, James E. and Lupton, Robert H.},
	year = {2011},
	pages = {59},
	file = {1005.2413.pdf:/Users/nitya/Zotero/storage/QVR55G3D/1005.2413.pdf:application/pdf}
}

@article{tinker_are_2011,
	title = {Are {Halo} and {Galaxy} {Formation} {Histories} {Correlated}?},
	url = {http://arxiv.org/abs/1107.5046},
	urldate = {2014-02-22},
	journal = {arXiv preprint arXiv:1107.5046},
	author = {Tinker, Jeremy and Wetzel, Andrew and Conroy, Charlie},
	year = {2011},
	file = {1107.5046v1.pdf:/Users/nitya/Zotero/storage/CKEVFVU4/1107.5046v1.pdf:application/pdf}
}

@article{hogg_overdensities_2003,
	title = {The {Overdensities} of galaxy environments as a function of luminosity and color},
	volume = {585},
	url = {http://iopscience.iop.org/1538-4357/585/1/L5},
	number = {1},
	urldate = {2014-02-22},
	journal = {The Astrophysical Journal Letters},
	author = {Hogg, David W. and Blanton, Michael R. and Eisenstein, Daniel J. and Gunn, James E. and Schlegel, David J. and Zehavi, Idit and Bahcall, Neta A. and Brinkmann, Jon and Csabai, Istvan and Schneider, Donald P.},
	year = {2003},
	pages = {L5},
	file = {16905.web.pdf:/Users/nitya/Zotero/storage/NF9QF87U/16905.web.pdf:application/pdf}
}

@article{blanton_new_2005,
	title = {New {York} {University} {Value}-{Added} {Galaxy} {Catalog}: a galaxy catalog based on new public surveys},
	volume = {129},
	shorttitle = {New {York} {University} {Value}-{Added} {Galaxy} {Catalog}},
	url = {http://iopscience.iop.org/1538-3881/129/6/2562},
	number = {6},
	urldate = {2014-02-22},
	journal = {The Astronomical Journal},
	author = {Blanton, Michael R. and Schlegel, David J. and Strauss, Michael A. and Brinkmann, J. and Finkbeiner, Douglas and Fukugita, Masataka and Gunn, James E. and Hogg, David W. and Ivezić, {\textbackslash}vZeljko and Knapp, G. R.},
	year = {2005},
	pages = {2562},
	file = {204421.web.pdf:/Users/nitya/Zotero/storage/XS2KE4NN/204421.web.pdf:application/pdf}
}

@article{weinmann_cluster_2010-2,
	title = {Cluster galaxies die hard: {Cluster} galaxies die hard},
	volume = {406},
	issn = {00358711},
	shorttitle = {Cluster galaxies die hard},
	url = {http://mnras.oxfordjournals.org/cgi/doi/10.1111/j.1365-2966.2010.16855.x},
	doi = {10.1111/j.1365-2966.2010.16855.x},
	number = {4},
	urldate = {2014-02-22},
	journal = {Monthly Notices of the Royal Astronomical Society},
	author = {Weinmann, Simone M. and Kauffmann, Guinevere and von der Linden, Anja and De Lucia, Gabriella},
	month = aug,
	year = {2010},
	pages = {2249--2266},
	file = {2249.full.pdf:/Users/nitya/Zotero/storage/QHHWFE4Z/2249.full.pdf:application/pdf}
}

@article{muldrew_measures_2012-1,
	title = {Measures of galaxy environment - {I}. {What} is ‘environment’?: {What} is galaxy environment?},
	volume = {419},
	issn = {00358711},
	shorttitle = {Measures of galaxy environment - {I}. {What} is ‘environment’?},
	url = {http://mnras.oxfordjournals.org/cgi/doi/10.1111/j.1365-2966.2011.19922.x},
	doi = {10.1111/j.1365-2966.2011.19922.x},
	number = {3},
	urldate = {2014-02-22},
	journal = {Monthly Notices of the Royal Astronomical Society},
	author = {Muldrew, Stuart I. and Croton, Darren J. and Skibba, Ramin A. and Pearce, Frazer R. and Ann, Hong Bae and Baldry, Ivan K. and Brough, Sarah and Choi, Yun-Young and Conselice, Christopher J. and Cowan, Nicolas B. and Gallazzi, Anna and Gray, Meghan E. and Grützbauch, Ruth and Li, I-Hui and Park, Changbom and Pilipenko, Sergey V. and Podgorzec, Bret J. and Robotham, Aaron S. G. and Wilman, David J. and Yang, Xiaohu and Zhang, Youcai and Zibetti, Stefano},
	month = jan,
	year = {2012},
	pages = {2670--2682},
	file = {2670.full.pdf:/Users/nitya/Zotero/storage/USNWXTUF/2670.full.pdf:application/pdf}
}

@article{wang_reconstructing_2009-2,
	title = {Reconstructing the cosmic density field with the distribution of dark matter haloes},
	volume = {394},
	issn = {00358711, 13652966},
	url = {http://mnras.oxfordjournals.org/cgi/doi/10.1111/j.1365-2966.2008.14301.x},
	doi = {10.1111/j.1365-2966.2008.14301.x},
	number = {1},
	urldate = {2014-02-22},
	journal = {Monthly Notices of the Royal Astronomical Society},
	author = {Wang, Huiyuan and Mo, H. J. and Jing, Y. P. and Guo, Yicheng and van den Bosch, Frank C. and Yang, Xiaohu},
	month = mar,
	year = {2009},
	pages = {398--414},
	file = {398.full.pdf:/Users/nitya/Zotero/storage/2B95TNE6/398.full.pdf:application/pdf}
}

@article{blanton_broadband_2003-1,
	title = {The {Broadband} optical properties of galaxies with redshifts 0.02{\textless} z{\textless} 0.22},
	volume = {594},
	url = {http://iopscience.iop.org/0004-637X/594/1/186},
	number = {1},
	urldate = {2014-02-22},
	journal = {The Astrophysical Journal},
	author = {Blanton, Michael R. and Hogg, David W. and Bahcall, Neta A. and Baldry, Ivan K. and Brinkmann, J. and Csabai, Istvan and Eisenstein, Daniel and Fukugita, Masataka and Gunn, James E. and Ivezić, {\textbackslash}vZeljko},
	year = {2003},
	pages = {186},
	file = {56879.web(1).pdf:/Users/nitya/Zotero/storage/ZXQ7FWGT/56879.web(1).pdf:application/pdf}
}

@article{zehavi_luminosity_2005,
	title = {The luminosity and color dependence of the galaxy correlation function},
	volume = {630},
	url = {http://iopscience.iop.org/0004-637X/630/1/1},
	number = {1},
	urldate = {2014-02-22},
	journal = {The Astrophysical Journal},
	author = {Zehavi, Idit and Zheng, Zheng and Weinberg, David H. and Frieman, Joshua A. and Berlind, Andreas A. and Blanton, Michael R. and Scoccimarro, Roman and Sheth, Ravi K. and Strauss, Michael A. and Kayo, Issha},
	year = {2005},
	pages = {1},
	file = {61236.web.pdf:/Users/nitya/Zotero/storage/XQSX986W/61236.web.pdf:application/pdf}
}

@article{swanson_sdss_2008,
	title = {{SDSS} galaxy clustering: luminosity and colour dependence and stochasticity},
	volume = {385},
	issn = {0035-8711, 1365-2966},
	shorttitle = {{SDSS} galaxy clustering},
	url = {http://mnras.oxfordjournals.org/cgi/doi/10.1111/j.1365-2966.2008.12948.x},
	doi = {10.1111/j.1365-2966.2008.12948.x},
	number = {3},
	urldate = {2014-02-22},
	journal = {Monthly Notices of the Royal Astronomical Society},
	author = {Swanson, Molly E. C. and Tegmark, Max and Blanton, Michael and Zehavi, Idit},
	month = apr,
	year = {2008},
	pages = {1635--1655},
	file = {swanson2008_SDSSclustering.pdf:/Users/nitya/Zotero/storage/UDQXD24F/swanson2008_SDSSclustering.pdf:application/pdf}
}

@article{yang_galaxy_2009-1,
	title = {{GALAXY} {GROUPS} {IN} {THE} {SDSS} {DR}4. {III}. {THE} {LUMINOSITY} {AND} {STELLAR} {MASS} {FUNCTIONS}},
	volume = {695},
	issn = {0004-637X, 1538-4357},
	url = {http://stacks.iop.org/0004-637X/695/i=2/a=900?key=crossref.bbb9dae0427225fdf98ad546f1f0f44f},
	doi = {10.1088/0004-637X/695/2/900},
	number = {2},
	urldate = {2014-02-22},
	journal = {The Astrophysical Journal},
	author = {Yang, Xiaohu and Mo, H. J. and van den Bosch, Frank C.},
	month = apr,
	year = {2009},
	pages = {900--916},
	file = {yang_mo_vandenbosch2009_galgroups_lum_smf.pdf:/Users/nitya/Zotero/storage/DKE43QWH/yang_mo_vandenbosch2009_galgroups_lum_smf.pdf:application/pdf}
}

@article{muldrew_measures_2012-2,
	title = {Measures of galaxy environment - {I}. {What} is ‘environment’?: {What} is galaxy environment?},
	volume = {419},
	issn = {00358711},
	shorttitle = {Measures of galaxy environment - {I}. {What} is ‘environment’?},
	url = {http://mnras.oxfordjournals.org/cgi/doi/10.1111/j.1365-2966.2011.19922.x},
	doi = {10.1111/j.1365-2966.2011.19922.x},
	number = {3},
	urldate = {2014-02-22},
	journal = {Monthly Notices of the Royal Astronomical Society},
	author = {Muldrew, Stuart I. and Croton, Darren J. and Skibba, Ramin A. and Pearce, Frazer R. and Ann, Hong Bae and Baldry, Ivan K. and Brough, Sarah and Choi, Yun-Young and Conselice, Christopher J. and Cowan, Nicolas B. and Gallazzi, Anna and Gray, Meghan E. and Grützbauch, Ruth and Li, I-Hui and Park, Changbom and Pilipenko, Sergey V. and Podgorzec, Bret J. and Robotham, Aaron S. G. and Wilman, David J. and Yang, Xiaohu and Zhang, Youcai and Zibetti, Stefano},
	month = jan,
	year = {2012},
	pages = {2670--2682},
	file = {Measures of galaxy environment – I. What is ‘environment’?:/Users/nitya/Zotero/storage/CEHHA3AJ/j.1365-2966.2011.19922.x.pdf:application/pdf}
}

@misc{center_for_history_and_new_media_zotero_nodate,
	title = {Zotero {Quick} {Start} {Guide}},
	url = {http://zotero.org/support/quick_start_guide},
	author = {{Center for History and New Media}},
	annote = {Welcome to Zotero!View the Quick Start Guide to learn how to begin collecting, managing, citing, and sharing your research sources.Thanks for installing Zotero.}
}

@article{hahn_primus:_2015,
	title = {{PRIMUS}: {EFFECTS} {OF} {GALAXY} {ENVIRONMENT} {ON} {THE} {QUIESCENT} {FRACTION} {EVOLUTION} {AT} \textit{z} \&lt; 0.8},
	volume = {806},
	issn = {1538-4357},
	shorttitle = {{PRIMUS}},
	url = {http://stacks.iop.org/0004-637X/806/i=2/a=162?key=crossref.72c4d21e8aef537dd7933c06d8b6acca},
	doi = {10.1088/0004-637X/806/2/162},
	number = {2},
	urldate = {2016-02-18},
	journal = {The Astrophysical Journal},
	author = {Hahn, ChangHoon and Blanton, Michael R. and Moustakas, John and Coil, Alison L. and Cool, Richard J. and Eisenstein, Daniel J. and Skibba, Ramin A. and Wong, Kenneth C. and Zhu, Guangtun},
	month = jun,
	year = {2015},
	pages = {162},
	file = {pdf\;jsessionid=B1E53E1C8B3897387A2194E9B01DE777.c1.iopscience.cld.iop.org.pdf:/Users/nitya/Zotero/storage/DBE79UMJ/pdf\;jsessionid=B1E53E1C8B3897387A2194E9B01DE777.c1.iopscience.cld.iop.org.pdf:application/pdf}
}

@article{carilli_cool_2013,
	title = {Cool {Gas} in {High}-{Redshift} {Galaxies}},
	volume = {51},
	issn = {0066-4146, 1545-4282},
	url = {http://www.annualreviews.org/doi/abs/10.1146/annurev-astro-082812-140953},
	doi = {10.1146/annurev-astro-082812-140953},
	language = {en},
	number = {1},
	urldate = {2015-09-03},
	journal = {Annual Review of Astronomy and Astrophysics},
	author = {Carilli, C.L. and Walter, F.},
	month = aug,
	year = {2013},
	pages = {105--161},
	file = {annurev-astro-082812-140953.pdf:/Users/nitya/Zotero/storage/GKEXZG3R/annurev-astro-082812-140953.pdf:application/pdf}
}

@article{somerville_physical_2015,
	title = {Physical {Models} of {Galaxy} {Formation} in a {Cosmological} {Framework}},
	volume = {53},
	issn = {0066-4146, 1545-4282},
	url = {http://www.annualreviews.org/doi/abs/10.1146/annurev-astro-082812-140951},
	doi = {10.1146/annurev-astro-082812-140951},
	language = {en},
	number = {1},
	urldate = {2015-09-03},
	journal = {Annual Review of Astronomy and Astrophysics},
	author = {Somerville, Rachel S. and Davé, Romeel},
	month = aug,
	year = {2015},
	pages = {51--113},
	file = {annurev-astro-082812-140951.pdf:/Users/nitya/Zotero/storage/U9EAF5GE/annurev-astro-082812-140951.pdf:application/pdf}
}

@article{lutz_far-infrared_2014,
	title = {Far-{Infrared} {Surveys} of {Galaxy} {Evolution}},
	volume = {52},
	issn = {0066-4146, 1545-4282},
	url = {http://www.annualreviews.org/doi/abs/10.1146/annurev-astro-081913-035953},
	doi = {10.1146/annurev-astro-081913-035953},
	language = {en},
	number = {1},
	urldate = {2015-09-03},
	journal = {Annual Review of Astronomy and Astrophysics},
	author = {Lutz, Dieter},
	month = aug,
	year = {2014},
	pages = {373--414},
	file = {annurev-astro-081913-035953.pdf:/Users/nitya/Zotero/storage/TQND84AW/annurev-astro-081913-035953.pdf:application/pdf}
}

@article{heckman_coevolution_2014,
	title = {The {Coevolution} of {Galaxies} and {Supermassive} {Black} {Holes}: {Insights} from {Surveys} of the {Contemporary} {Universe}},
	volume = {52},
	issn = {0066-4146, 1545-4282},
	shorttitle = {The {Coevolution} of {Galaxies} and {Supermassive} {Black} {Holes}},
	url = {http://www.annualreviews.org/doi/abs/10.1146/annurev-astro-081913-035722},
	doi = {10.1146/annurev-astro-081913-035722},
	language = {en},
	number = {1},
	urldate = {2015-09-03},
	journal = {Annual Review of Astronomy and Astrophysics},
	author = {Heckman, Timothy M. and Best, Philip N.},
	month = aug,
	year = {2014},
	pages = {589--660},
	file = {annurev-astro-081913-035722.pdf:/Users/nitya/Zotero/storage/UUZGGD7F/annurev-astro-081913-035722.pdf:application/pdf}
}

@article{ivezic_galactic_2012,
	title = {Galactic {Stellar} {Populations} in the {Era} of the {Sloan} {Digital} {Sky} {Survey} and {Other} {Large} {Surveys}},
	volume = {50},
	issn = {0066-4146, 1545-4282},
	url = {http://www.annualreviews.org/doi/abs/10.1146/annurev-astro-081811-125504},
	doi = {10.1146/annurev-astro-081811-125504},
	language = {en},
	number = {1},
	urldate = {2015-09-03},
	journal = {Annual Review of Astronomy and Astrophysics},
	author = {Ivezić, Željko and Beers, Timothy C. and Jurić, Mario},
	month = sep,
	year = {2012},
	pages = {251--304},
	file = {annurev-astro-081811-125504.pdf:/Users/nitya/Zotero/storage/G7E8W3JQ/annurev-astro-081811-125504.pdf:application/pdf}
}

@article{bromm_first_2011,
	title = {The {First} {Galaxies}},
	volume = {49},
	issn = {0066-4146, 1545-4282},
	url = {http://www.annualreviews.org/doi/abs/10.1146/annurev-astro-081710-102608},
	doi = {10.1146/annurev-astro-081710-102608},
	language = {en},
	number = {1},
	urldate = {2015-09-03},
	journal = {Annual Review of Astronomy and Astrophysics},
	author = {Bromm, Volker and Yoshida, Naoki},
	month = sep,
	year = {2011},
	pages = {373--407},
	file = {annurev-astro-081710-102608.pdf:/Users/nitya/Zotero/storage/GSJSE425/annurev-astro-081710-102608.pdf:application/pdf}
}

@article{shapley_physical_2011,
	title = {Physical {Properties} of {Galaxies} from \textit{z} = 2–4},
	volume = {49},
	issn = {0066-4146, 1545-4282},
	url = {http://www.annualreviews.org/doi/abs/10.1146/annurev-astro-081710-102542},
	doi = {10.1146/annurev-astro-081710-102542},
	language = {en},
	number = {1},
	urldate = {2015-09-03},
	journal = {Annual Review of Astronomy and Astrophysics},
	author = {Shapley, Alice E.},
	month = sep,
	year = {2011},
	pages = {525--580},
	file = {annurev-astro-081710-102542.pdf:/Users/nitya/Zotero/storage/T94BVSZ8/annurev-astro-081710-102542.pdf:application/pdf}
}

@article{grutzbauch_how_2011,
	title = {How does galaxy environment matter? {The} relationship between galaxy environments, colour and stellar mass at 0.4 \&lt; z \&lt; 1 in the {Palomar}/{DEEP}2 survey: {How} does galaxy environment matter?},
	volume = {411},
	issn = {00358711},
	shorttitle = {How does galaxy environment matter?},
	url = {http://mnras.oxfordjournals.org/cgi/doi/10.1111/j.1365-2966.2010.17727.x},
	doi = {10.1111/j.1365-2966.2010.17727.x},
	language = {en},
	number = {2},
	urldate = {2015-08-24},
	journal = {Monthly Notices of the Royal Astronomical Society},
	author = {Grützbauch, Ruth and Conselice, Christopher J. and Varela, Jesús and Bundy, Kevin and Cooper, Michael C. and Skibba, Ramin and Willmer, Christopher N. A.},
	month = feb,
	year = {2011},
	pages = {929--946},
	file = {MNRAS-2011-Grützbauch-929-46.pdf:/Users/nitya/Zotero/storage/8XIAA99A/MNRAS-2011-Grützbauch-929-46.pdf:application/pdf}
}

@article{torrey_synthetic_2015,
	title = {Synthetic galaxy images and spectra from the {Illustris} simulation},
	volume = {447},
	issn = {0035-8711, 1365-2966},
	url = {http://mnras.oxfordjournals.org/cgi/doi/10.1093/mnras/stu2592},
	doi = {10.1093/mnras/stu2592},
	language = {en},
	number = {3},
	urldate = {2015-05-18},
	journal = {Monthly Notices of the Royal Astronomical Society},
	author = {Torrey, P. and Snyder, G. F. and Vogelsberger, M. and Hayward, C. C. and Genel, S. and Sijacki, D. and Springel, V. and Hernquist, L. and Nelson, D. and Kriek, M. and Pillepich, A. and Sales, L. V. and McBride, C. K.},
	month = jan,
	year = {2015},
	pages = {2753--2771},
	file = {MNRAS-2015-Torrey-2753-71.pdf:/Users/nitya/Zotero/storage/HIIQJB93/MNRAS-2015-Torrey-2753-71.pdf:application/pdf}
}

@article{sparre_star_2015,
	title = {The star formation main sequence and stellar mass assembly of galaxies in the {Illustris} simulation},
	volume = {447},
	issn = {0035-8711, 1365-2966},
	url = {http://mnras.oxfordjournals.org/cgi/doi/10.1093/mnras/stu2713},
	doi = {10.1093/mnras/stu2713},
	language = {en},
	number = {4},
	urldate = {2015-05-18},
	journal = {Monthly Notices of the Royal Astronomical Society},
	author = {Sparre, M. and Hayward, C. C. and Springel, V. and Vogelsberger, M. and Genel, S. and Torrey, P. and Nelson, D. and Sijacki, D. and Hernquist, L.},
	month = jan,
	year = {2015},
	pages = {3548--3563},
	file = {MNRAS-2015-Sparre-3548-63.pdf:/Users/nitya/Zotero/storage/IIKVDWDI/MNRAS-2015-Sparre-3548-63.pdf:application/pdf}
}

@article{loh_uv-optical_2010,
	title = {The {UV}-optical colour dependence of galaxy clustering in the local universe: {UV}-optical clustering},
	volume = {407},
	issn = {00358711},
	shorttitle = {The {UV}-optical colour dependence of galaxy clustering in the local universe},
	url = {http://mnras.oxfordjournals.org/cgi/doi/10.1111/j.1365-2966.2010.16908.x},
	doi = {10.1111/j.1365-2966.2010.16908.x},
	language = {en},
	number = {1},
	urldate = {2015-03-25},
	journal = {Monthly Notices of the Royal Astronomical Society},
	author = {Loh, Yeong-Shang and Rich, R. Michael and Heinis, Sébastien and Scranton, Ryan and Mallery, Ryan P. and Salim, Samir and Martin, D. Christopher and Wyder, Ted and Arnouts, Stéphane and Barlow, Tom A. and Forster, Karl and Friedman, Peter G. and Morrissey, Patrick and Neff, Susan G. and Schiminovich, David and Seibert, Mark and Bianchi, Luciana and Donas, Jose and Heckman, Timothy M. and Lee, Young-Wook and Madore, Barry F. and Milliard, Bruno and Szalay, Alex S. and Welsh, Barry Y.},
	month = sep,
	year = {2010},
	pages = {55--70},
	file = {MNRAS-2010-Loh-55-70.pdf:/Users/nitya/Zotero/storage/GVVVWQD4/MNRAS-2010-Loh-55-70.pdf:application/pdf}
}

@article{crossett_environments_2014,
	title = {Environments and morphologies of red sequence galaxies with residual star formation in massive clusters},
	volume = {437},
	issn = {0035-8711, 1365-2966},
	url = {http://mnras.oxfordjournals.org/cgi/doi/10.1093/mnras/stt2065},
	doi = {10.1093/mnras/stt2065},
	language = {en},
	number = {3},
	urldate = {2015-03-25},
	journal = {Monthly Notices of the Royal Astronomical Society},
	author = {Crossett, J. P. and Pimbblet, K. A. and Stott, J. P. and Jones, D. H.},
	month = jan,
	year = {2014},
	pages = {2521--2530},
	file = {MNRAS-2014-Crossett-2521-30.pdf:/Users/nitya/Zotero/storage/EZ7CNGMU/MNRAS-2014-Crossett-2521-30.pdf:application/pdf}
}

@article{chilingarian_universal_2012,
	title = {A universal ultraviolet-optical colour-colour-magnitude relation of galaxies★: {A} universal galaxy photometric relation},
	volume = {419},
	issn = {00358711},
	shorttitle = {A universal ultraviolet-optical colour-colour-magnitude relation of galaxies★},
	url = {http://mnras.oxfordjournals.org/cgi/doi/10.1111/j.1365-2966.2011.19837.x},
	doi = {10.1111/j.1365-2966.2011.19837.x},
	language = {en},
	number = {2},
	urldate = {2015-03-25},
	journal = {Monthly Notices of the Royal Astronomical Society},
	author = {Chilingarian, Igor V. and Zolotukhin, Ivan Yu.},
	month = jan,
	year = {2012},
	pages = {1727--1739},
	file = {MNRAS-2012-Chilingarian-1727-39.pdf:/Users/nitya/Zotero/storage/FNRFV24J/MNRAS-2012-Chilingarian-1727-39.pdf:application/pdf}
}

@article{goncalves_quenching_2012,
	title = {{QUENCHING} {STAR} {FORMATION} {AT} {INTERMEDIATE} {REDSHIFTS}: {DOWNSIZING} {OF} {THE} {MASS} {FLUX} {DENSITY} {IN} {THE} {GREEN} {VALLEY}},
	volume = {759},
	issn = {0004-637X, 1538-4357},
	shorttitle = {{QUENCHING} {STAR} {FORMATION} {AT} {INTERMEDIATE} {REDSHIFTS}},
	url = {http://stacks.iop.org/0004-637X/759/i=1/a=67?key=crossref.f4cb4003ab76351836b3efb6cb1937a7},
	doi = {10.1088/0004-637X/759/1/67},
	number = {1},
	urldate = {2015-03-25},
	journal = {The Astrophysical Journal},
	author = {Gonçalves, Thiago S. and Martin, D. Christopher and Menéndez-Delmestre, Karín and Wyder, Ted K. and Koekemoer, Anton},
	month = nov,
	year = {2012},
	pages = {67},
	file = {apj_759_1_67.pdf:/Users/nitya/Zotero/storage/KT2G27GM/apj_759_1_67.pdf:application/pdf}
}

@article{heinis_spatial_2009,
	title = {{SPATIAL} {CLUSTERING} {FROM} \textit{{GALEX}} -{SDSS} {SAMPLES}: {STAR} {FORMATION} {HISTORY} {AND} {LARGE}-{SCALE} {CLUSTERING}},
	volume = {698},
	issn = {0004-637X, 1538-4357},
	shorttitle = {{SPATIAL} {CLUSTERING} {FROM} \textit{{GALEX}} -{SDSS} {SAMPLES}},
	url = {http://stacks.iop.org/0004-637X/698/i=2/a=1838?key=crossref.ae8c78d81c24875d576ebbf38db30ec8},
	doi = {10.1088/0004-637X/698/2/1838},
	number = {2},
	urldate = {2015-03-25},
	journal = {The Astrophysical Journal},
	author = {Heinis, Sébastien and Budavári, Tamás and Szalay, Alex S. and Arnouts, Stéphane and Aragón-Calvo, Miguel A. and Wyder, Ted K. and Barlow, Tom A. and Foster, Karl and Peter, Friedman G. and Martin, D. Christopher and Morrissey, Patrick and Neff, Susan G. and Schiminovich, David and Seibert, Mark and Bianchi, Luciana and Donas, José and Heckman, Timothy M. and Lee, Young-Wook and Madore, Barry F. and Milliard, Bruno and Rich, R. Michael and Yi, Sukyoung K.},
	month = jun,
	year = {2009},
	pages = {1838--1851},
	file = {apj_698_2_1838.pdf:/Users/nitya/Zotero/storage/8W66J69D/apj_698_2_1838.pdf:application/pdf}
}

@article{cortese_are_2012,
	title = {Are passive red spirals truly passive?: {The} current star formation activity of optically red disc galaxies},
	volume = {543},
	issn = {0004-6361, 1432-0746},
	shorttitle = {Are passive red spirals truly passive?},
	url = {http://www.aanda.org/10.1051/0004-6361/201219443},
	doi = {10.1051/0004-6361/201219443},
	urldate = {2015-03-25},
	journal = {Astronomy \& Astrophysics},
	author = {Cortese, L.},
	month = jul,
	year = {2012},
	pages = {A132},
	file = {aa19443-12.pdf:/Users/nitya/Zotero/storage/FXCZFTGX/aa19443-12.pdf:application/pdf}
}

@article{fang_slow_2012,
	title = {{THE} {SLOW} {DEATH} ({OR} {REBIRTH}?) {OF} {EXTENDED} {STAR} {FORMATION} {IN} \textit{z} ∼ 0.1 {GREEN} {VALLEY} {EARLY}-{TYPE} {GALAXIES}},
	volume = {761},
	issn = {0004-637X, 1538-4357},
	shorttitle = {{THE} {SLOW} {DEATH} ({OR} {REBIRTH}?},
	url = {http://stacks.iop.org/0004-637X/761/i=1/a=23?key=crossref.76a1bed2cbf35af6bc595d64c2631162},
	doi = {10.1088/0004-637X/761/1/23},
	number = {1},
	urldate = {2015-03-24},
	journal = {The Astrophysical Journal},
	author = {Fang, Jerome J. and Faber, S. M. and Salim, Samir and Graves, Genevieve J. and Rich, R. Michael},
	month = dec,
	year = {2012},
	pages = {23},
	file = {apj_761_1_23.pdf:/Users/nitya/Zotero/storage/HMTM85CX/apj_761_1_23.pdf:application/pdf}
}

@article{drory_manga_2015,
	title = {{THE} {MANGA} {INTEGRAL} {FIELD} {UNIT} {FIBER} {FEED} {SYSTEM} {FOR} {THE} {SLOAN} 2.5 {M} {TELESCOPE}},
	volume = {149},
	issn = {1538-3881},
	url = {http://stacks.iop.org/1538-3881/149/i=2/a=77?key=crossref.3a5f9ea66724ccc32c628435286f116d},
	doi = {10.1088/0004-6256/149/2/77},
	number = {2},
	urldate = {2015-03-24},
	journal = {The Astronomical Journal},
	author = {Drory, N. and MacDonald, N. and Bershady, M. A. and Bundy, K. and Gunn, J. and Law, D. R. and Smith, M. and Stoll, R. and Tremonti, C. A. and Wake, D. A. and Yan, R. and Weijmans, A. M. and Byler, N. and Cherinka, B. and Cope, F. and Eigenbrot, A. and Harding, P. and Holder, D. and Huehnerhoff, J. and Jaehnig, K. and Jansen, T. C. and Klaene, M. and Paat, A. M. and Percival, J. and Sayres, C.},
	month = jan,
	year = {2015},
	pages = {77},
	file = {aj_149_2_77.pdf:/Users/nitya/Zotero/storage/H2UT9HQZ/aj_149_2_77.pdf:application/pdf}
}

@misc{noauthor_74120.web.pdf_nodate,
	title = {74120.web.pdf},
	file = {74120.web.pdf:/Users/nitya/Zotero/storage/EE9HZKG5/74120.web.pdf:application/pdf}
}

@article{drory_manga_2015-1,
	title = {{THE} {MANGA} {INTEGRAL} {FIELD} {UNIT} {FIBER} {FEED} {SYSTEM} {FOR} {THE} {SLOAN} 2.5 {M} {TELESCOPE}},
	volume = {149},
	issn = {1538-3881},
	url = {http://stacks.iop.org/1538-3881/149/i=2/a=77?key=crossref.3a5f9ea66724ccc32c628435286f116d},
	doi = {10.1088/0004-6256/149/2/77},
	number = {2},
	urldate = {2015-03-23},
	journal = {The Astronomical Journal},
	author = {Drory, N. and MacDonald, N. and Bershady, M. A. and Bundy, K. and Gunn, J. and Law, D. R. and Smith, M. and Stoll, R. and Tremonti, C. A. and Wake, D. A. and Yan, R. and Weijmans, A. M. and Byler, N. and Cherinka, B. and Cope, F. and Eigenbrot, A. and Harding, P. and Holder, D. and Huehnerhoff, J. and Jaehnig, K. and Jansen, T. C. and Klaene, M. and Paat, A. M. and Percival, J. and Sayres, C.},
	month = jan,
	year = {2015},
	pages = {77},
	file = {aj_149_2_77.pdf:/Users/nitya/Zotero/storage/TTMQH2BA/aj_149_2_77.pdf:application/pdf}
}

@article{cardamone_dust-corrected_2010,
	title = {{DUST}-{CORRECTED} {COLORS} {REVEAL} {BIMODALITY} {IN} {THE} {HOST}-{GALAXY} {COLORS} {OF} {ACTIVE} {GALACTIC} {NUCLEI} {AT} \textit{z} ∼ 1},
	volume = {721},
	issn = {2041-8205, 2041-8213},
	url = {http://stacks.iop.org/2041-8205/721/i=1/a=L38?key=crossref.0507cbd49c890c4d760aa25d05d24b79},
	doi = {10.1088/2041-8205/721/1/L38},
	number = {1},
	urldate = {2015-03-23},
	journal = {The Astrophysical Journal},
	author = {Cardamone, Carolin N. and Megan Urry, C. and Schawinski, Kevin and Treister, Ezequiel and Brammer, Gabriel and Gawiser, Eric},
	month = sep,
	year = {2010},
	pages = {L38--L42},
	file = {apjl_721_1_38.pdf:/Users/nitya/Zotero/storage/4FSX7RP7/apjl_721_1_38.pdf:application/pdf}
}

@article{mendez_aegis:_2011,
	title = {{AEGIS}: {THE} {MORPHOLOGIES} {OF} {GREEN} {GALAXIES} {AT} 0.4 \&lt; \textit{z} \&lt; 1.2},
	volume = {736},
	issn = {0004-637X, 1538-4357},
	shorttitle = {{AEGIS}},
	url = {http://stacks.iop.org/0004-637X/736/i=2/a=110?key=crossref.314f8fff7506bfb93745b14f17b236a3},
	doi = {10.1088/0004-637X/736/2/110},
	number = {2},
	urldate = {2015-03-23},
	journal = {The Astrophysical Journal},
	author = {Mendez, Alexander J. and Coil, Alison L. and Lotz, Jennifer and Salim, Samir and Moustakas, John and Simard, Luc},
	month = aug,
	year = {2011},
	pages = {110},
	file = {apj_736_2_110.pdf:/Users/nitya/Zotero/storage/Q9MW5364/apj_736_2_110.pdf:application/pdf}
}

@article{maller_intrinsic_2009,
	title = {{THE} {INTRINSIC} {PROPERTIES} {OF} {SDSS} {GALAXIES}},
	volume = {691},
	issn = {0004-637X, 1538-4357},
	url = {http://stacks.iop.org/0004-637X/691/i=1/a=394?key=crossref.d5e811b1517ce5389281bbf51044b8ea},
	doi = {10.1088/0004-637X/691/1/394},
	number = {1},
	urldate = {2015-03-23},
	journal = {The Astrophysical Journal},
	author = {Maller, Ariyeh H. and Berlind, Andreas A. and Blanton, Michael R. and Hogg, David W.},
	month = jan,
	year = {2009},
	pages = {394--406},
	file = {apj_691_1_394.pdf:/Users/nitya/Zotero/storage/4KGGBCH2/apj_691_1_394.pdf:application/pdf}
}

@article{salim_green_2014,
	title = {Green valley galaxies},
	issn = {1450-698X, 1820-9289},
	url = {http://www.doiserbia.nb.rs/Article.aspx?ID=1450-698X1489001S},
	doi = {10.2298/SAJ1489001S},
	language = {en},
	number = {189},
	urldate = {2015-03-23},
	journal = {Serbian Astronomical Journal},
	author = {Salim, S.},
	year = {2014},
	pages = {1--14},
	file = {2014SerAJ_189____1S.pdf:/Users/nitya/Zotero/storage/PEEDMHCH/2014SerAJ_189____1S.pdf:application/pdf}
}

@article{bundy_overview_2014,
	title = {{OVERVIEW} {OF} {THE} {SDSS}-{IV} {MaNGA} {SURVEY}: {MAPPING} {NEARBY} {GALAXIES} {AT} {APACHE} {POINT} {OBSERVATORY}},
	volume = {798},
	issn = {1538-4357},
	shorttitle = {{OVERVIEW} {OF} {THE} {SDSS}-{IV} {MaNGA} {SURVEY}},
	url = {http://stacks.iop.org/0004-637X/798/i=1/a=7?key=crossref.ce8f697114eeb3752ff6da50e3e66986},
	doi = {10.1088/0004-637X/798/1/7},
	number = {1},
	urldate = {2015-03-23},
	journal = {The Astrophysical Journal},
	author = {Bundy, Kevin and Bershady, Matthew A. and Law, David R. and Yan, Renbin and Drory, Niv and MacDonald, Nicholas and Wake, David A. and Cherinka, Brian and Sánchez-Gallego, José R. and Weijmans, Anne-Marie and Thomas, Daniel and Tremonti, Christy and Masters, Karen and Coccato, Lodovico and Diamond-Stanic, Aleksandar M. and Aragón-Salamanca, Alfonso and Avila-Reese, Vladimir and Badenes, Carles and Falcón-Barroso, Jésus and Belfiore, Francesco and Bizyaev, Dmitry and Blanc, Guillermo A. and Bland-Hawthorn, Joss and Blanton, Michael R. and Brownstein, Joel R. and Byler, Nell and Cappellari, Michele and Conroy, Charlie and Dutton, Aaron A. and Emsellem, Eric and Etherington, James and Frinchaboy, Peter M. and Fu, Hai and Gunn, James E. and Harding, Paul and Johnston, Evelyn J. and Kauffmann, Guinevere and Kinemuchi, Karen and Klaene, Mark A. and Knapen, Johan H. and Leauthaud, Alexie and Li, Cheng and Lin, Lihwai and Maiolino, Roberto and Malanushenko, Viktor and Malanushenko, Elena and Mao, Shude and Maraston, Claudia and McDermid, Richard M. and Merrifield, Michael R. and Nichol, Robert C. and Oravetz, Daniel and Pan, Kaike and Parejko, John K. and Sanchez, Sebastian F. and Schlegel, David and Simmons, Audrey and Steele, Oliver and Steinmetz, Matthias and Thanjavur, Karun and Thompson, Benjamin A. and Tinker, Jeremy L. and van den Bosch, Remco C. E. and Westfall, Kyle B. and Wilkinson, David and Wright, Shelley and Xiao, Ting and Zhang, Kai},
	month = dec,
	year = {2014},
	pages = {7},
	file = {apj_798_1_7.pdf:/Users/nitya/Zotero/storage/WB2GGRXQ/apj_798_1_7.pdf:application/pdf}
}

@article{draine_dust_2007,
	title = {Dust masses, {PAH} abundances, and starlight intensities in the {SINGS} galaxy sample},
	volume = {663},
	url = {http://iopscience.iop.org/0004-637X/663/2/866},
	number = {2},
	urldate = {2015-01-23},
	journal = {The Astrophysical Journal},
	author = {Draine, B. T. and Dale, D. A. and Bendo, G. and Gordon, K. D. and Smith, J. D. T. and Armus, L. and Engelbracht, C. W. and Helou, G. and Kennicutt Jr, R. C. and Li, A. and {others}},
	year = {2007},
	pages = {866},
	file = {71270.web.pdf:/Users/nitya/Zotero/storage/U3WDVP3U/71270.web.pdf:application/pdf}
}

@article{smith_mid-infrared_2007,
	title = {The mid-infrared spectrum of star-forming galaxies: global properties of polycyclic aromatic hydrocarbon emission},
	volume = {656},
	shorttitle = {The mid-infrared spectrum of star-forming galaxies},
	url = {http://iopscience.iop.org/0004-637X/656/2/770},
	number = {2},
	urldate = {2015-01-23},
	journal = {The Astrophysical Journal},
	author = {Smith, J. D. T. and Draine, B. T. and Dale, D. A. and Moustakas, J. and Kennicutt Jr, R. C. and Helou, G. and Armus, L. and Roussel, H. and Sheth, K. and Bendo, G. J. and {others}},
	year = {2007},
	pages = {770},
	file = {65289.web.pdf:/Users/nitya/Zotero/storage/WXGDSMZF/65289.web.pdf:application/pdf}
}

@article{kennicutt_dust-corrected_2009,
	title = {{DUST}-{CORRECTED} {STAR} {FORMATION} {RATES} {OF} {GALAXIES}. {I}. {COMBINATIONS} {OF} {Hα} {AND} {INFRARED} {TRACERS}},
	volume = {703},
	issn = {0004-637X, 1538-4357},
	url = {http://stacks.iop.org/0004-637X/703/i=2/a=1672?key=crossref.e145196311bf3d445c830b80dbe34c29},
	doi = {10.1088/0004-637X/703/2/1672},
	number = {2},
	urldate = {2015-01-23},
	journal = {The Astrophysical Journal},
	author = {Kennicutt, Robert C. and Hao, Cai-Na and Calzetti, Daniela and Moustakas, John and Dale, Daniel A. and Bendo, George and Engelbracht, Charles W. and Johnson, Benjamin D. and Lee, Janice C.},
	month = oct,
	year = {2009},
	pages = {1672--1695},
	file = {apj_703_2_1672.pdf:/Users/nitya/Zotero/storage/QSFFRSSC/apj_703_2_1672.pdf:application/pdf}
}

@article{calzetti_calibration_2007,
	title = {The calibration of mid-infrared star formation rate indicators},
	volume = {666},
	url = {http://iopscience.iop.org/0004-637X/666/2/870},
	number = {2},
	urldate = {2015-01-23},
	journal = {The Astrophysical Journal},
	author = {Calzetti, D. and Kennicutt, R. C. and Engelbracht, C. W. and Leitherer, C. and Draine, B. T. and Kewley, L. and Moustakas, J. and Sosey, M. and Dale, D. A. and Gordon, K. D. and {others}},
	year = {2007},
	pages = {870},
	file = {72005.web.pdf:/Users/nitya/Zotero/storage/HNU5GDID/72005.web.pdf:application/pdf}
}

@article{moustakas_optical_2006,
	title = {Optical star formation rate indicators},
	volume = {642},
	url = {http://iopscience.iop.org/0004-637X/642/2/775},
	number = {2},
	urldate = {2015-01-23},
	journal = {The Astrophysical Journal},
	author = {Moustakas, John and Kennicutt Jr, Robert C. and Tremonti, Christy A.},
	year = {2006},
	pages = {775},
	file = {63718.web.pdf:/Users/nitya/Zotero/storage/I45Z8HTB/63718.web.pdf:application/pdf}
}

@article{lianou_probing_2014,
	title = {Probing the interstellar medium of {NGC} 1569 with {Herschel}},
	volume = {445},
	issn = {0035-8711, 1365-2966},
	url = {http://mnras.oxfordjournals.org/cgi/doi/10.1093/mnras/stu1770},
	doi = {10.1093/mnras/stu1770},
	language = {en},
	number = {1},
	urldate = {2015-01-23},
	journal = {Monthly Notices of the Royal Astronomical Society},
	author = {Lianou, S. and Barmby, P. and Remy-Ruyer, A. and Madden, S. C. and Galliano, F. and Lebouteiller, V.},
	month = oct,
	year = {2014},
	pages = {1003--1022},
	file = {MNRAS-2014-Lianou-1003-22.pdf:/Users/nitya/Zotero/storage/K7VPH8JX/MNRAS-2014-Lianou-1003-22.pdf:application/pdf}
}

@article{hayward_should_2014,
	title = {Should we believe the results of ultraviolet-millimetre galaxy spectral energy distribution modelling?},
	volume = {446},
	issn = {0035-8711, 1365-2966},
	url = {http://mnras.oxfordjournals.org/cgi/doi/10.1093/mnras/stu2195},
	doi = {10.1093/mnras/stu2195},
	language = {en},
	number = {2},
	urldate = {2015-01-23},
	journal = {Monthly Notices of the Royal Astronomical Society},
	author = {Hayward, C. C. and Smith, D. J. B.},
	month = nov,
	year = {2014},
	pages = {1512--1535},
	file = {MNRAS-2015-Hayward-1512-35.pdf:/Users/nitya/Zotero/storage/PPG6IKNV/MNRAS-2015-Hayward-1512-35.pdf:application/pdf}
}

@article{smith_herschel_2012,
	title = {\textit{{Herschel}} -{ATLAS}: multi-wavelength {SEDs} and physical properties of 250 μm selected galaxies at \textit{z} \&lt; 0.5: {Herschel} {sATLAS}},
	volume = {427},
	issn = {00358711, 13652966},
	shorttitle = {\textit{{Herschel}} -{ATLAS}},
	url = {http://mnras.oxfordjournals.org/cgi/doi/10.1111/j.1365-2966.2012.21930.x},
	doi = {10.1111/j.1365-2966.2012.21930.x},
	language = {en},
	number = {1},
	urldate = {2015-01-23},
	journal = {Monthly Notices of the Royal Astronomical Society},
	author = {Smith, D. J. B. and Dunne, L. and da Cunha, E. and Rowlands, K. and Maddox, S. J. and Gomez, H. L. and Bonfield, D. G. and Charlot, S. and Driver, S. P. and Popescu, C. C. and Tuffs, R. J. and Dunlop, J. S. and Jarvis, M. J. and Seymour, N. and Symeonidis, M. and Baes, M. and Bourne, N. and Clements, D. L. and Cooray, A. and De Zotti, G. and Dye, S. and Eales, S. and Scott, D. and Verma, A. and van der Werf, P. and Andrae, E. and Auld, R. and Buttiglione, S. and Cava, A. and Dariush, A. and Fritz, J. and Hopwood, R. and Ibar, E. and Ivison, R. J. and Kelvin, L. and Madore, B. F. and Pohlen, M. and Rigby, E. E. and Robotham, A. and Seibert, M. and Temi, P.},
	month = nov,
	year = {2012},
	pages = {703--727},
	file = {MNRAS-2012-Smith-703-27.pdf:/Users/nitya/Zotero/storage/9TVIWEZ4/MNRAS-2012-Smith-703-27.pdf:application/pdf}
}

@article{berta_panchromatic_2013,
	title = {Panchromatic spectral energy distributions of \textit{{Herschel}} sources},
	volume = {551},
	issn = {0004-6361, 1432-0746},
	url = {http://www.aanda.org/10.1051/0004-6361/201220859},
	doi = {10.1051/0004-6361/201220859},
	urldate = {2015-01-23},
	journal = {Astronomy \& Astrophysics},
	author = {Berta, S. and Lutz, D. and Santini, P. and Wuyts, S. and Rosario, D. and Brisbin, D. and Cooray, A. and Franceschini, A. and Gruppioni, C. and Hatziminaoglou, E. and Hwang, H. S. and Le Floc’h, E. and Magnelli, B. and Nordon, R. and Oliver, S. and Page, M. J. and Popesso, P. and Pozzetti, L. and Pozzi, F. and Riguccini, L. and Rodighiero, G. and Roseboom, I. and Scott, D. and Symeonidis, M. and Valtchanov, I. and Viero, M. and Wang, L.},
	month = mar,
	year = {2013},
	pages = {A100},
	file = {aa20859-12.pdf:/Users/nitya/Zotero/storage/BGGMZEX7/aa20859-12.pdf:application/pdf}
}

@article{berta_panchromatic_2013-1,
	title = {Panchromatic spectral energy distributions of \textit{{Herschel}} sources},
	volume = {551},
	issn = {0004-6361, 1432-0746},
	url = {http://www.aanda.org/10.1051/0004-6361/201220859},
	doi = {10.1051/0004-6361/201220859},
	urldate = {2015-01-23},
	journal = {Astronomy \& Astrophysics},
	author = {Berta, S. and Lutz, D. and Santini, P. and Wuyts, S. and Rosario, D. and Brisbin, D. and Cooray, A. and Franceschini, A. and Gruppioni, C. and Hatziminaoglou, E. and Hwang, H. S. and Le Floc’h, E. and Magnelli, B. and Nordon, R. and Oliver, S. and Page, M. J. and Popesso, P. and Pozzetti, L. and Pozzi, F. and Riguccini, L. and Rodighiero, G. and Roseboom, I. and Scott, D. and Symeonidis, M. and Valtchanov, I. and Viero, M. and Wang, L.},
	month = mar,
	year = {2013},
	pages = {A100},
	file = {aa20859-12.pdf:/Users/nitya/Zotero/storage/T3MKMSHD/aa20859-12.pdf:application/pdf}
}

@article{salim_uv_2007,
	title = {{UV} {Star} {Formation} {Rates} in the {Local} {Universe}},
	volume = {173},
	url = {http://iopscience.iop.org/0067-0049/173/2/267},
	number = {2},
	urldate = {2015-01-23},
	journal = {The Astrophysical Journal Supplement Series},
	author = {Salim, Samir and Rich, R. Michael and Charlot, Stéphane and Brinchmann, Jarle and Johnson, Benjamin D. and Schiminovich, David and Seibert, Mark and Mallery, Ryan and Heckman, Timothy M. and Forster, Karl and {others}},
	year = {2007},
	pages = {267},
	file = {71135.web.pdf:/Users/nitya/Zotero/storage/TPHR5IMG/71135.web.pdf:application/pdf}
}

@article{charlot_simple_2000,
	title = {A simple model for the absorption of starlight by dust in galaxies},
	volume = {539},
	url = {http://iopscience.iop.org/0004-637X/539/2/718},
	number = {2},
	urldate = {2015-01-23},
	journal = {The Astrophysical Journal},
	author = {Charlot, Stéphane and Fall, S. Michael},
	year = {2000},
	pages = {718},
	file = {50168.web.pdf:/Users/nitya/Zotero/storage/E9IN3JHQ/50168.web.pdf:application/pdf}
}

@article{schawinski_green_2014,
	title = {The green valley is a red herring: {Galaxy} {Zoo} reveals two evolutionary pathways towards quenching of star formation in early- and late-type galaxies},
	volume = {440},
	issn = {0035-8711, 1365-2966},
	shorttitle = {The green valley is a red herring},
	url = {http://mnras.oxfordjournals.org/cgi/doi/10.1093/mnras/stu327},
	doi = {10.1093/mnras/stu327},
	language = {en},
	number = {1},
	urldate = {2015-01-23},
	journal = {Monthly Notices of the Royal Astronomical Society},
	author = {Schawinski, K. and Urry, C. M. and Simmons, B. D. and Fortson, L. and Kaviraj, S. and Keel, W. C. and Lintott, C. J. and Masters, K. L. and Nichol, R. C. and Sarzi, M. and Skibba, R. and Treister, E. and Willett, K. W. and Wong, O. I. and Yi, S. K.},
	month = apr,
	year = {2014},
	pages = {889--907},
	file = {MNRAS-2014-Schawinski-889-907.pdf:/Users/nitya/Zotero/storage/NI3Z8DKQ/MNRAS-2014-Schawinski-889-907.pdf:application/pdf}
}

@article{krause_halo_2013,
	title = {Halo occupation distribution modelling of green valley galaxies},
	volume = {428},
	issn = {0035-8711, 1365-2966},
	url = {http://mnras.oxfordjournals.org/cgi/doi/10.1093/mnras/sts221},
	doi = {10.1093/mnras/sts221},
	language = {en},
	number = {3},
	urldate = {2015-01-23},
	journal = {Monthly Notices of the Royal Astronomical Society},
	author = {Krause, E. and Hirata, C. M. and Martin, C. and Neill, J. D. and Wyder, T. K.},
	month = jan,
	year = {2013},
	pages = {2548--2564},
	file = {MNRAS-2013-Krause-2548-64.pdf:/Users/nitya/Zotero/storage/XTUIFMTX/MNRAS-2013-Krause-2548-64.pdf:application/pdf}
}

@article{alatalo_catching_2014,
	title = {{CATCHING} {QUENCHING} {GALAXIES}: {THE} {NATURE} {OF} {THE} \textit{{WISE}} {INFRARED} {TRANSITION} {ZONE}},
	volume = {794},
	issn = {2041-8213},
	shorttitle = {{CATCHING} {QUENCHING} {GALAXIES}},
	url = {http://stacks.iop.org/2041-8205/794/i=1/a=L13?key=crossref.6b5ed56b1c469376e9de6fd383091069},
	doi = {10.1088/2041-8205/794/1/L13},
	number = {1},
	urldate = {2015-01-23},
	journal = {The Astrophysical Journal},
	author = {Alatalo, Katherine and Cales, Sabrina L. and Appleton, Philip N. and Kewley, Lisa J. and Lacy, Mark and Lisenfeld, Ute and Nyland, Kristina and Rich, Jeffrey A.},
	month = sep,
	year = {2014},
	pages = {L13},
	file = {apjl_794_1_13 (1).pdf:/Users/nitya/Zotero/storage/PMAHHJAS/apjl_794_1_13 (1).pdf:application/pdf}
}

@article{alatalo_catching_2014-1,
	title = {{CATCHING} {QUENCHING} {GALAXIES}: {THE} {NATURE} {OF} {THE} \textit{{WISE}} {INFRARED} {TRANSITION} {ZONE}},
	volume = {794},
	issn = {2041-8213},
	shorttitle = {{CATCHING} {QUENCHING} {GALAXIES}},
	url = {http://stacks.iop.org/2041-8205/794/i=1/a=L13?key=crossref.6b5ed56b1c469376e9de6fd383091069},
	doi = {10.1088/2041-8205/794/1/L13},
	number = {1},
	urldate = {2015-01-23},
	journal = {The Astrophysical Journal},
	author = {Alatalo, Katherine and Cales, Sabrina L. and Appleton, Philip N. and Kewley, Lisa J. and Lacy, Mark and Lisenfeld, Ute and Nyland, Kristina and Rich, Jeffrey A.},
	month = sep,
	year = {2014},
	pages = {L13},
	file = {apjl_794_1_13.pdf:/Users/nitya/Zotero/storage/PC7UFDSW/apjl_794_1_13.pdf:application/pdf}
}

@article{salim_star_2010,
	title = {{STAR} {FORMATION} {SIGNATURES} {IN} {OPTICALLY} {QUIESCENT} {EARLY}-{TYPE} {GALAXIES}},
	volume = {714},
	issn = {2041-8205, 2041-8213},
	url = {http://stacks.iop.org/2041-8205/714/i=2/a=L290?key=crossref.14e6469289f6276ef57b5146e9ec8d75},
	doi = {10.1088/2041-8205/714/2/L290},
	number = {2},
	urldate = {2015-01-23},
	journal = {The Astrophysical Journal},
	author = {Salim, Samir and Rich, R. Michael},
	month = may,
	year = {2010},
	pages = {L290--L294},
	file = {apjl_714_2_290.pdf:/Users/nitya/Zotero/storage/A3VSE2XA/apjl_714_2_290.pdf:application/pdf}
}

@article{schawinski_role_2010,
	title = {{THE} {ROLE} {OF} {MERGERS} {IN} {EARLY}-{TYPE} {GALAXY} {EVOLUTION} {AND} {BLACK} {HOLE} {GROWTH}},
	volume = {714},
	issn = {2041-8205, 2041-8213},
	url = {http://stacks.iop.org/2041-8205/714/i=1/a=L108?key=crossref.2312c6c50c3fdad0fb30f35d8cd2fa95},
	doi = {10.1088/2041-8205/714/1/L108},
	number = {1},
	urldate = {2015-01-23},
	journal = {The Astrophysical Journal},
	author = {Schawinski, Kevin and Dowlin, Nathan and Thomas, Daniel and Urry, C. Megan and Edmondson, Edward},
	month = may,
	year = {2010},
	pages = {L108--L112},
	file = {apjl_714_1_108.pdf:/Users/nitya/Zotero/storage/XTN63QED/apjl_714_1_108.pdf:application/pdf}
}

@article{fang_link_2013,
	title = {A {LINK} {BETWEEN} {STAR} {FORMATION} {QUENCHING} {AND} {INNER} {STELLAR} {MASS} {DENSITY} {IN} {SLOAN} {DIGITAL} {SKY} {SURVEY} {CENTRAL} {GALAXIES}},
	volume = {776},
	issn = {0004-637X, 1538-4357},
	url = {http://stacks.iop.org/0004-637X/776/i=1/a=63?key=crossref.a068f64432e4cb5502b530d663cd41ea},
	doi = {10.1088/0004-637X/776/1/63},
	number = {1},
	urldate = {2015-01-23},
	journal = {The Astrophysical Journal},
	author = {Fang, Jerome J. and Faber, S. M. and Koo, David C. and Dekel, Avishai},
	month = oct,
	year = {2013},
	pages = {63},
	file = {apj_776_1_63.pdf:/Users/nitya/Zotero/storage/SVMEBBA7/apj_776_1_63.pdf:application/pdf}
}

@article{pan_green_2013,
	title = {{GREEN} {GALAXIES} {IN} {THE} {COSMOS} {FIELD}},
	volume = {776},
	issn = {0004-637X, 1538-4357},
	url = {http://stacks.iop.org/0004-637X/776/i=1/a=14?key=crossref.82b5a1ea2b212927abe3c4859ffa57c8},
	doi = {10.1088/0004-637X/776/1/14},
	number = {1},
	urldate = {2015-01-23},
	journal = {The Astrophysical Journal},
	author = {Pan, Zhizheng and Kong, Xu and Fan, Lulu},
	month = oct,
	year = {2013},
	pages = {14},
	file = {apj_776_1_14.pdf:/Users/nitya/Zotero/storage/ESZGBU42/apj_776_1_14.pdf:application/pdf}
}

@article{walker_optical_2013,
	title = {{THE} {OPTICAL} {GREEN} {VALLEY} {VERSUS} {MID}-{INFRARED} {CANYON} {IN} {COMPACT} {GROUPS}},
	volume = {775},
	issn = {0004-637X, 1538-4357},
	url = {http://stacks.iop.org/0004-637X/775/i=2/a=129?key=crossref.0bc2f8102513e950bd8ba4d211de45fa},
	doi = {10.1088/0004-637X/775/2/129},
	number = {2},
	urldate = {2015-01-23},
	journal = {The Astrophysical Journal},
	author = {Walker, Lisa May and Butterfield, Natalie and Johnson, Kelsey and Zucker, Catherine and Gallagher, Sarah and Konstantopoulos, Iraklis and Zabludoff, Ann and Hornschemeier, Ann E. and Tzanavaris, Panayiotis and Charlton, Jane C.},
	month = oct,
	year = {2013},
	pages = {129},
	file = {apj_775_2_129.pdf:/Users/nitya/Zotero/storage/J2VWA3BN/apj_775_2_129.pdf:application/pdf}
}

@article{goncalves_quenching_2012-1,
	title = {{QUENCHING} {STAR} {FORMATION} {AT} {INTERMEDIATE} {REDSHIFTS}: {DOWNSIZING} {OF} {THE} {MASS} {FLUX} {DENSITY} {IN} {THE} {GREEN} {VALLEY}},
	volume = {759},
	issn = {0004-637X, 1538-4357},
	shorttitle = {{QUENCHING} {STAR} {FORMATION} {AT} {INTERMEDIATE} {REDSHIFTS}},
	url = {http://stacks.iop.org/0004-637X/759/i=1/a=67?key=crossref.f4cb4003ab76351836b3efb6cb1937a7},
	doi = {10.1088/0004-637X/759/1/67},
	number = {1},
	urldate = {2015-01-23},
	journal = {The Astrophysical Journal},
	author = {Gonçalves, Thiago S. and Martin, D. Christopher and Menéndez-Delmestre, Karín and Wyder, Ted K. and Koekemoer, Anton},
	month = nov,
	year = {2012},
	pages = {67},
	file = {apj_759_1_67.pdf:/Users/nitya/Zotero/storage/SUV6ZQDS/apj_759_1_67.pdf:application/pdf}
}

@article{baldry_quantifying_2004,
	title = {Quantifying the bimodal color-magnitude distribution of galaxies},
	volume = {600},
	url = {http://iopscience.iop.org/0004-637X/600/2/681},
	number = {2},
	urldate = {2015-01-23},
	journal = {The Astrophysical Journal},
	author = {Baldry, Ivan K. and Glazebrook, Karl and Brinkmann, Jon and Ivezić, Željko and Lupton, Robert H. and Nichol, Robert C. and Szalay, Alexander S.},
	year = {2004},
	pages = {681},
	file = {58567.web.pdf:/Users/nitya/Zotero/storage/ZDA2DIJ4/58567.web.pdf:application/pdf}
}

@article{schawinski_green_2014-1,
	title = {The green valley is a red herring: {Galaxy} {Zoo} reveals two evolutionary pathways towards quenching of star formation in early-and late-type galaxies},
	shorttitle = {The green valley is a red herring},
	url = {http://mnras.oxfordjournals.org/content/early/2014/03/15/mnras.stu327.abstract},
	urldate = {2015-01-23},
	journal = {Monthly Notices of the Royal Astronomical Society},
	author = {Schawinski, Kevin and Urry, C. Megan and Simmons, Brooke D. and Fortson, Lucy and Kaviraj, Sugata and Keel, William C. and Lintott, Chris J. and Masters, Karen L. and Nichol, Robert C. and Sarzi, Marc and {others}},
	year = {2014},
	pages = {stu327},
	file = {1402.4814v1.pdf:/Users/nitya/Zotero/storage/MD86QR4X/1402.4814v1.pdf:application/pdf}
}

@article{sandage_classification_2005,
	title = {{THE} {CLASSIFICATION} {OF} {GALAXIES}: {Early} {History} and {Ongoing} {Developments}},
	volume = {43},
	issn = {0066-4146, 1545-4282},
	shorttitle = {{THE} {CLASSIFICATION} {OF} {GALAXIES}},
	url = {http://www.annualreviews.org/doi/abs/10.1146/annurev.astro.43.112904.104839},
	doi = {10.1146/annurev.astro.43.112904.104839},
	language = {en},
	number = {1},
	urldate = {2015-01-23},
	journal = {Annual Review of Astronomy and Astrophysics},
	author = {Sandage, Allan},
	month = sep,
	year = {2005},
	pages = {581--624},
	file = {annurev%2Eastro%2E43%2E112904%2E104839.pdf:/Users/nitya/Zotero/storage/JIA27BTC/annurev%2Eastro%2E43%2E112904%2E104839.pdf:application/pdf}
}

@misc{noauthor_annurev2eastro2e432e1129042e104839.pdf_nodate,
	title = {annurev\%2Eastro\%2E43\%2E112904\%2E104839.pdf},
	file = {annurev%2Eastro%2E43%2E112904%2E104839.pdf:/Users/nitya/Zotero/storage/Z92X7XXX/annurev%2Eastro%2E43%2E112904%2E104839.pdf:application/pdf}
}

@misc{noauthor_annurev2eaa2e222e0901842e001153.pdf_nodate,
	title = {annurev\%2Eaa\%2E22\%2E090184\%2E001153.pdf},
	file = {annurev%2Eaa%2E22%2E090184%2E001153.pdf:/Users/nitya/Zotero/storage/N7THC74B/annurev%2Eaa%2E22%2E090184%2E001153.pdf:application/pdf}
}

@article{tolstoy_star-formation_2009,
	title = {Star-{Formation} {Histories}, {Abundances}, and {Kinematics} of {Dwarf} {Galaxies} in the {Local} {Group}},
	volume = {47},
	issn = {0066-4146, 1545-4282},
	url = {http://www.annualreviews.org/doi/abs/10.1146/annurev-astro-082708-101650},
	doi = {10.1146/annurev-astro-082708-101650},
	language = {en},
	number = {1},
	urldate = {2015-01-23},
	journal = {Annual Review of Astronomy and Astrophysics},
	author = {Tolstoy, Eline and Hill, Vanessa and Tosi, Monica},
	month = sep,
	year = {2009},
	pages = {371--425},
	file = {annurev-astro-082708-101650.pdf:/Users/nitya/Zotero/storage/JB5R9DJB/annurev-astro-082708-101650.pdf:application/pdf}
}

@article{kennicutt_star_2012,
	title = {Star {Formation} in the {Milky} {Way} and {Nearby} {Galaxies}},
	volume = {50},
	issn = {0066-4146, 1545-4282},
	url = {http://www.annualreviews.org/doi/abs/10.1146/annurev-astro-081811-125610},
	doi = {10.1146/annurev-astro-081811-125610},
	language = {en},
	number = {1},
	urldate = {2015-01-23},
	journal = {Annual Review of Astronomy and Astrophysics},
	author = {Kennicutt, Robert C. and Evans, Neal J.},
	month = sep,
	year = {2012},
	pages = {531--608},
	file = {annurev-astro-081811-125610.pdf:/Users/nitya/Zotero/storage/5G2BBJKH/annurev-astro-081811-125610.pdf:application/pdf}
}

@article{kravtsov_formation_2012,
	title = {Formation of {Galaxy} {Clusters}},
	volume = {50},
	issn = {0066-4146, 1545-4282},
	url = {http://www.annualreviews.org/doi/abs/10.1146/annurev-astro-081811-125502},
	doi = {10.1146/annurev-astro-081811-125502},
	language = {en},
	number = {1},
	urldate = {2015-01-23},
	journal = {Annual Review of Astronomy and Astrophysics},
	author = {Kravtsov, Andrey V. and Borgani, Stefano},
	month = sep,
	year = {2012},
	pages = {353--409},
	file = {annurev-astro-081811-125502.pdf:/Users/nitya/Zotero/storage/U6IWM3PS/annurev-astro-081811-125502.pdf:application/pdf}
}

@article{bromm_first_2011-1,
	title = {The {First} {Galaxies}},
	volume = {49},
	issn = {0066-4146, 1545-4282},
	url = {http://www.annualreviews.org/doi/abs/10.1146/annurev-astro-081710-102608},
	doi = {10.1146/annurev-astro-081710-102608},
	language = {en},
	number = {1},
	urldate = {2015-01-23},
	journal = {Annual Review of Astronomy and Astrophysics},
	author = {Bromm, Volker and Yoshida, Naoki},
	month = sep,
	year = {2011},
	pages = {373--407},
	file = {annurev-astro-081710-102608.pdf:/Users/nitya/Zotero/storage/QRVZXJ77/annurev-astro-081710-102608.pdf:application/pdf}
}

@article{shapley_physical_2011-1,
	title = {Physical {Properties} of {Galaxies} from \textit{z} = 2–4},
	volume = {49},
	issn = {0066-4146, 1545-4282},
	url = {http://www.annualreviews.org/doi/abs/10.1146/annurev-astro-081710-102542},
	doi = {10.1146/annurev-astro-081710-102542},
	language = {en},
	number = {1},
	urldate = {2015-01-23},
	journal = {Annual Review of Astronomy and Astrophysics},
	author = {Shapley, Alice E.},
	month = sep,
	year = {2011},
	pages = {525--580},
	file = {annurev-astro-081710-102542.pdf:/Users/nitya/Zotero/storage/835CQ9F6/annurev-astro-081710-102542.pdf:application/pdf}
}

@article{ellis_faint_1997,
	title = {Faint blue galaxies},
	url = {http://arxiv.org/abs/astro-ph/9704019},
	urldate = {2015-01-23},
	journal = {arXiv preprint astro-ph/9704019},
	author = {Ellis, Richard S.},
	year = {1997},
	file = {annurev%2Eastro%2E35%2E1%2E389.pdf:/Users/nitya/Zotero/storage/2IAFXB79/annurev%2Eastro%2E35%2E1%2E389.pdf:application/pdf}
}

@article{conroy_modeling_2013,
	title = {Modeling the {Panchromatic} {Spectral} {Energy} {Distributions} of {Galaxies}},
	volume = {51},
	issn = {0066-4146, 1545-4282},
	url = {http://www.annualreviews.org/doi/abs/10.1146/annurev-astro-082812-141017},
	doi = {10.1146/annurev-astro-082812-141017},
	language = {en},
	number = {1},
	urldate = {2015-01-23},
	journal = {Annual Review of Astronomy and Astrophysics},
	author = {Conroy, Charlie},
	month = aug,
	year = {2013},
	pages = {393--455},
	file = {annurev-astro-082812-141017.pdf:/Users/nitya/Zotero/storage/H86RGPQ3/annurev-astro-082812-141017.pdf:application/pdf}
}

@article{carilli_cool_2013-1,
	title = {Cool {Gas} in {High}-{Redshift} {Galaxies}},
	volume = {51},
	issn = {0066-4146, 1545-4282},
	url = {http://www.annualreviews.org/doi/abs/10.1146/annurev-astro-082812-140953},
	doi = {10.1146/annurev-astro-082812-140953},
	language = {en},
	number = {1},
	urldate = {2015-01-23},
	journal = {Annual Review of Astronomy and Astrophysics},
	author = {Carilli, C.L. and Walter, F.},
	month = aug,
	year = {2013},
	pages = {105--161},
	file = {annurev-astro-082812-140953.pdf:/Users/nitya/Zotero/storage/QBRBMHX3/annurev-astro-082812-140953.pdf:application/pdf}
}

@article{carilli_cool_2013-2,
	title = {Cool {Gas} in {High}-{Redshift} {Galaxies}},
	volume = {51},
	issn = {0066-4146, 1545-4282},
	url = {http://www.annualreviews.org/doi/abs/10.1146/annurev-astro-082812-140953},
	doi = {10.1146/annurev-astro-082812-140953},
	language = {en},
	number = {1},
	urldate = {2015-01-23},
	journal = {Annual Review of Astronomy and Astrophysics},
	author = {Carilli, C.L. and Walter, F.},
	month = aug,
	year = {2013},
	pages = {105--161},
	file = {annurev-astro-082812-140953.pdf:/Users/nitya/Zotero/storage/VTGJCEPU/annurev-astro-082812-140953.pdf:application/pdf}
}

@article{conselice_evolution_2014,
	title = {The {Evolution} of {Galaxy} {Structure} {Over} {Cosmic} {Time}},
	volume = {52},
	issn = {0066-4146, 1545-4282},
	url = {http://www.annualreviews.org/doi/abs/10.1146/annurev-astro-081913-040037},
	doi = {10.1146/annurev-astro-081913-040037},
	language = {en},
	number = {1},
	urldate = {2015-01-23},
	journal = {Annual Review of Astronomy and Astrophysics},
	author = {Conselice, Christopher J.},
	month = aug,
	year = {2014},
	pages = {291--337},
	file = {annurev-astro-081913-040037.pdf:/Users/nitya/Zotero/storage/VPMWWQ4S/annurev-astro-081913-040037.pdf:application/pdf}
}

@article{lutz_far-infrared_2014-1,
	title = {Far-{Infrared} {Surveys} of {Galaxy} {Evolution}},
	volume = {52},
	issn = {0066-4146, 1545-4282},
	url = {http://www.annualreviews.org/doi/abs/10.1146/annurev-astro-081913-035953},
	doi = {10.1146/annurev-astro-081913-035953},
	language = {en},
	number = {1},
	urldate = {2015-01-23},
	journal = {Annual Review of Astronomy and Astrophysics},
	author = {Lutz, Dieter},
	month = aug,
	year = {2014},
	pages = {373--414},
	file = {annurev-astro-081913-035953.pdf:/Users/nitya/Zotero/storage/ZG7M4USQ/annurev-astro-081913-035953.pdf:application/pdf}
}

@article{heckman_coevolution_2014-1,
	title = {The {Coevolution} of {Galaxies} and {Supermassive} {Black} {Holes}: {Insights} from {Surveys} of the {Contemporary} {Universe}},
	volume = {52},
	issn = {0066-4146, 1545-4282},
	shorttitle = {The {Coevolution} of {Galaxies} and {Supermassive} {Black} {Holes}},
	url = {http://www.annualreviews.org/doi/abs/10.1146/annurev-astro-081913-035722},
	doi = {10.1146/annurev-astro-081913-035722},
	language = {en},
	number = {1},
	urldate = {2015-01-23},
	journal = {Annual Review of Astronomy and Astrophysics},
	author = {Heckman, Timothy M. and Best, Philip N.},
	month = aug,
	year = {2014},
	pages = {589--660},
	file = {annurev-astro-081913-035722.pdf:/Users/nitya/Zotero/storage/3KKEZJG7/annurev-astro-081913-035722.pdf:application/pdf}
}

@article{kennicutt_jr_star_1998,
	title = {Star formation in galaxies along the {Hubble} sequence},
	url = {http://arxiv.org/abs/astro-ph/9807187},
	urldate = {2015-01-23},
	journal = {arXiv preprint astro-ph/9807187},
	author = {Kennicutt Jr, Robert C.},
	year = {1998},
	file = {annurev%2Eastro%2E36%2E1%2E189.pdf:/Users/nitya/Zotero/storage/BQZXA3UZ/annurev%2Eastro%2E36%2E1%2E189.pdf:application/pdf}
}

@article{madau_cosmic_2014,
	title = {Cosmic {Star}-{Formation} {History}},
	volume = {52},
	issn = {0066-4146, 1545-4282},
	url = {http://www.annualreviews.org/doi/abs/10.1146/annurev-astro-081811-125615},
	doi = {10.1146/annurev-astro-081811-125615},
	language = {en},
	number = {1},
	urldate = {2015-01-23},
	journal = {Annual Review of Astronomy and Astrophysics},
	author = {Madau, Piero and Dickinson, Mark},
	month = aug,
	year = {2014},
	pages = {415--486},
	file = {annurev-astro-081811-125615.pdf:/Users/nitya/Zotero/storage/K52JDT48/annurev-astro-081811-125615.pdf:application/pdf}
}

@article{alatalo_catching_2014-2,
	title = {{CATCHING} {QUENCHING} {GALAXIES}: {THE} {NATURE} {OF} {THE} \textit{{WISE}} {INFRARED} {TRANSITION} {ZONE}},
	volume = {794},
	issn = {2041-8213},
	shorttitle = {{CATCHING} {QUENCHING} {GALAXIES}},
	url = {http://stacks.iop.org/2041-8205/794/i=1/a=L13?key=crossref.6b5ed56b1c469376e9de6fd383091069},
	doi = {10.1088/2041-8205/794/1/L13},
	number = {1},
	urldate = {2015-01-20},
	journal = {The Astrophysical Journal},
	author = {Alatalo, Katherine and Cales, Sabrina L. and Appleton, Philip N. and Kewley, Lisa J. and Lacy, Mark and Lisenfeld, Ute and Nyland, Kristina and Rich, Jeffrey A.},
	month = sep,
	year = {2014},
	pages = {L13},
	file = {apjl_794_1_13.pdf:/Users/nitya/Zotero/storage/6SB5HB9R/apjl_794_1_13.pdf:application/pdf}
}

@article{schawinski_green_2014-2,
	title = {The green valley is a red herring: {Galaxy} {Zoo} reveals two evolutionary pathways towards quenching of star formation in early-and late-type galaxies},
	shorttitle = {The green valley is a red herring},
	url = {http://mnras.oxfordjournals.org/content/early/2014/03/15/mnras.stu327.abstract},
	urldate = {2015-01-20},
	journal = {Monthly Notices of the Royal Astronomical Society},
	author = {Schawinski, Kevin and Urry, C. Megan and Simmons, Brooke D. and Fortson, Lucy and Kaviraj, Sugata and Keel, William C. and Lintott, Chris J. and Masters, Karen L. and Nichol, Robert C. and Sarzi, Marc and {others}},
	year = {2014},
	pages = {stu327},
	file = {1402.4814v1.pdf:/Users/nitya/Zotero/storage/C8EW5HQV/1402.4814v1.pdf:application/pdf}
}

@article{salim_uv_2007-1,
	title = {{UV} {Star} {Formation} {Rates} in the {Local} {Universe}},
	volume = {173},
	url = {http://iopscience.iop.org/0067-0049/173/2/267},
	number = {2},
	urldate = {2014-11-26},
	journal = {The Astrophysical Journal Supplement Series},
	author = {Salim, Samir and Rich, R. Michael and Charlot, Stéphane and Brinchmann, Jarle and Johnson, Benjamin D. and Schiminovich, David and Seibert, Mark and Mallery, Ryan and Heckman, Timothy M. and Forster, Karl and {others}},
	year = {2007},
	pages = {267},
	file = {71135.web.pdf:/Users/nitya/Zotero/storage/TX95ZKNS/71135.web.pdf:application/pdf}
}

@article{wright_wide-field_2010,
	title = {{THE} {WIDE}-{FIELD} {INFRARED} {SURVEY} {EXPLORER} ({WISE}): {MISSION} {DESCRIPTION} {AND} {INITIAL} {ON}-{ORBIT} {PERFORMANCE}},
	volume = {140},
	issn = {0004-6256, 1538-3881},
	shorttitle = {{THE} {WIDE}-{FIELD} {INFRARED} {SURVEY} {EXPLORER} ({WISE})},
	url = {http://stacks.iop.org/1538-3881/140/i=6/a=1868?key=crossref.7bc383db470f437aa421907552685839},
	doi = {10.1088/0004-6256/140/6/1868},
	number = {6},
	urldate = {2014-08-13},
	journal = {The Astronomical Journal},
	author = {Wright, Edward L. and Eisenhardt, Peter R. M. and Mainzer, Amy K. and Ressler, Michael E. and Cutri, Roc M. and Jarrett, Thomas and Kirkpatrick, J. Davy and Padgett, Deborah and McMillan, Robert S. and Skrutskie, Michael and Stanford, S. A. and Cohen, Martin and Walker, Russell G. and Mather, John C. and Leisawitz, David and Gautier, Thomas N. and McLean, Ian and Benford, Dominic and Lonsdale, Carol J. and Blain, Andrew and Mendez, Bryan and Irace, William R. and Duval, Valerie and Liu, Fengchuan and Royer, Don and Heinrichsen, Ingolf and Howard, Joan and Shannon, Mark and Kendall, Martha and Walsh, Amy L. and Larsen, Mark and Cardon, Joel G. and Schick, Scott and Schwalm, Mark and Abid, Mohamed and Fabinsky, Beth and Naes, Larry and Tsai, Chao-Wei},
	month = dec,
	year = {2010},
	pages = {1868--1881},
	file = {WISE_paper.pdf:/Users/nitya/Zotero/storage/A8TJBCE4/WISE_paper.pdf:application/pdf}
}

@article{blanton_k-corrections_2007,
	title = {K-corrections and filter transformations in the ultraviolet, optical, and near-infrared},
	volume = {133},
	url = {http://iopscience.iop.org/1538-3881/133/2/734},
	number = {2},
	urldate = {2014-08-13},
	journal = {The Astronomical Journal},
	author = {Blanton, Michael R. and Roweis, Sam},
	year = {2007},
	pages = {734},
	file = {k_correct_blanton.pdf:/Users/nitya/Zotero/storage/27JV94P4/k_correct_blanton.pdf:application/pdf}
}

@article{da_cunha_simple_2008,
	title = {A simple model to interpret the ultraviolet, optical and infrared emission from galaxies},
	volume = {388},
	issn = {00358711, 13652966},
	url = {http://mnras.oxfordjournals.org/cgi/doi/10.1111/j.1365-2966.2008.13535.x},
	doi = {10.1111/j.1365-2966.2008.13535.x},
	language = {en},
	number = {4},
	urldate = {2014-08-13},
	journal = {Monthly Notices of the Royal Astronomical Society},
	author = {da Cunha, Elisabete and Charlot, Stéphane and Elbaz, David},
	month = aug,
	year = {2008},
	pages = {1595--1617},
	file = {DCE08.pdf:/Users/nitya/Zotero/storage/XKSX264M/DCE08.pdf:application/pdf}
}

@article{bethermin_clustering_2014,
	title = {Clustering, host halos and environment of z \$\${\textbackslash}backslash\$ sim \$2 galaxies as a function of their physical properties},
	url = {http://arxiv.org/abs/1405.0492},
	urldate = {2014-08-13},
	journal = {arXiv preprint arXiv:1405.0492},
	author = {Bethermin, Matthieu and Kilbinger, Martin and Daddi, Emanuele and Gabor, Jared and Finoguenov, Alexis and McCracken, Henry and Wolk, Melody and Aussel, Herve and Strazzulo, Veronica and Floc'h, Emeric Le and {others}},
	year = {2014},
	file = {1405.0492v1.pdf:/Users/nitya/Zotero/storage/XMI6I4WU/1405.0492v1.pdf:application/pdf}
}

@article{blanton_what_2007-2,
	title = {What aspects of galaxy environment matter?},
	volume = {664},
	url = {http://iopscience.iop.org/0004-637X/664/2/791},
	number = {2},
	urldate = {2014-02-22},
	journal = {The Astrophysical Journal},
	author = {Blanton, Michael R. and Berlind, Andreas A.},
	year = {2007},
	pages = {791}
}

@article{walcher_fitting_2011,
	title = {Fitting the integrated spectral energy distributions of galaxies},
	volume = {331},
	issn = {0004-640X, 1572-946X},
	url = {http://link.springer.com/10.1007/s10509-010-0458-z},
	doi = {10.1007/s10509-010-0458-z},
	language = {en},
	number = {1},
	urldate = {2014-08-13},
	journal = {Astrophysics and Space Science},
	author = {Walcher, Jakob and Groves, Brent and Budavári, Tamás and Dale, Daniel},
	month = jan,
	year = {2011},
	pages = {1--51},
	file = {art%3A10.1007%2Fs10509-010-0458-z.pdf:/Users/nitya/Zotero/storage/RCPR49NI/art%3A10.1007%2Fs10509-010-0458-z.pdf:application/pdf}
}

@article{zhu_primus:_2011,
	title = {{PRIMUS}: {OBSCURED} {STAR} {FORMATION} {ON} {THE} {RED} {SEQUENCE}},
	volume = {726},
	issn = {0004-637X, 1538-4357},
	shorttitle = {{PRIMUS}},
	url = {http://stacks.iop.org/0004-637X/726/i=2/a=110?key=crossref.97d9b2f6bde239f33f8cae36252e9d79},
	doi = {10.1088/0004-637X/726/2/110},
	number = {2},
	urldate = {2014-08-13},
	journal = {The Astrophysical Journal},
	author = {Zhu, Guangtun and Blanton, Michael R. and Burles, Scott M. and Eisenstein, Daniel J. and Moustakas, John and Wong, Kenneth C. and Aird, James},
	month = jan,
	year = {2011},
	pages = {110},
	file = {apj_726_2_110.pdf:/Users/nitya/Zotero/storage/3NAZZ7CD/apj_726_2_110.pdf:application/pdf}
}

@article{draine_i_2003,
	title = {I {\textless}span style="font-variant:small-caps;"{\textgreater}{NTERSTELLAR}{\textless}/span{\textgreater} {D} {\textless}span style="font-variant:small-caps;"{\textgreater}{UST}{\textless}/span{\textgreater} {G} {\textless}span style="font-variant:small-caps;"{\textgreater}{RAINS}{\textless}/span{\textgreater}},
	volume = {41},
	issn = {0066-4146, 1545-4282},
	shorttitle = {I {\textless}span style="font-variant},
	url = {http://www.annualreviews.org/doi/abs/10.1146/annurev.astro.41.011802.094840},
	doi = {10.1146/annurev.astro.41.011802.094840},
	language = {en},
	number = {1},
	urldate = {2014-08-13},
	journal = {Annual Review of Astronomy and Astrophysics},
	author = {Draine, B.T.},
	month = sep,
	year = {2003},
	pages = {241--289},
	file = {annurev%2Eastro%2E41%2E011802%2E094840.pdf:/Users/nitya/Zotero/storage/3KFWA59T/annurev%2Eastro%2E41%2E011802%2E094840.pdf:application/pdf}
}

@article{conroy_modeling_2013-1,
	title = {Modeling the panchromatic spectral energy distributions of galaxies},
	url = {http://arxiv.org/abs/1301.7095},
	urldate = {2014-08-13},
	journal = {arXiv preprint arXiv:1301.7095},
	author = {Conroy, Charlie},
	year = {2013},
	file = {annurev-astro-082812-141017.pdf:/Users/nitya/Zotero/storage/TBMDGNDM/annurev-astro-082812-141017.pdf:application/pdf}
}

@article{lutz_far-infrared_2014-2,
	title = {Far-{Infrared} {Surveys} of {Galaxy} {Evolution}},
	volume = {52},
	issn = {0066-4146, 1545-4282},
	url = {http://www.annualreviews.org/doi/abs/10.1146/annurev-astro-081913-035953},
	doi = {10.1146/annurev-astro-081913-035953},
	language = {en},
	number = {1},
	urldate = {2014-08-13},
	journal = {Annual Review of Astronomy and Astrophysics},
	author = {Lutz, Dieter},
	month = sep,
	year = {2014},
	pages = {140626174229000},
	file = {annurev-astro-081913-035953.pdf:/Users/nitya/Zotero/storage/J3JWNWMM/annurev-astro-081913-035953.pdf:application/pdf}
}

@article{kovac_density_2010,
	title = {{THE} {DENSITY} {FIELD} {OF} {THE} 10k {zCOSMOS} {GALAXIES}},
	volume = {708},
	issn = {0004-637X, 1538-4357},
	url = {http://stacks.iop.org/0004-637X/708/i=1/a=505?key=crossref.9af73a1564336509d48876d184f24d1b},
	doi = {10.1088/0004-637X/708/1/505},
	number = {1},
	urldate = {2014-05-22},
	journal = {The Astrophysical Journal},
	author = {Kovač, K. and Lilly, S. J. and Cucciati, O. and Porciani, C. and Iovino, A. and Zamorani, G. and Oesch, P. and Bolzonella, M. and Knobel, C. and Finoguenov, A. and Peng, Y. and Carollo, C. M. and Pozzetti, L. and Caputi, K. and Silverman, J. D. and Tasca, L. A. M. and Scodeggio, M. and Vergani, D. and Scoville, N. Z. and Capak, P. and Contini, T. and Kneib, J.-P. and Le Fèvre, O. and Mainieri, V. and Renzini, A. and Bardelli, S. and Bongiorno, A. and Coppa, G. and de la Torre, S. and de Ravel, L. and Franzetti, P. and Garilli, B. and Guzzo, L. and Kampczyk, P. and Lamareille, F. and Le Borgne, J.-F. and Le Brun, V. and Maier, C. and Mignoli, M. and Pello, R. and Montero, E. Perez and Ricciardelli, E. and Tanaka, M. and Tresse, L. and Zucca, E. and Abbas, U. and Bottini, D. and Cappi, A. and Cassata, P. and Cimatti, A. and Fumana, M. and Koekemoer, A. M. and Maccagni, D. and Marinoni, C. and McCracken, H. J. and Memeo, P. and Meneux, B. and Scaramella, R.},
	month = jan,
	year = {2010},
	pages = {505--533},
	file = {apj_708_1_505.pdf:/Users/nitya/Zotero/storage/GP42RECE/apj_708_1_505.pdf:application/pdf;apj_708_1_505.pdf:/Users/nitya/Zotero/storage/T86UZC9N/apj_708_1_505.pdf:application/pdf}
}

@article{brown_atlas_2013,
	title = {An {Atlas} of {Galaxy} {Spectral} {Energy} {Distributions} from the {Ultraviolet} to the {Mid}-{Infrared}},
	url = {http://arxiv.org/abs/1312.3029},
	urldate = {2014-05-05},
	journal = {arXiv preprint arXiv:1312.3029},
	author = {Brown, Michael JI and Moustakas, John and Smith, J.-DT and da Cunha, Elisabete and Jarrett, T. H. and Imanishi, Masatoshi and Armus, Lee and Brandl, Bernhard R. and Peek, J. E. G.},
	year = {2013},
	file = {SED_Brown.pdf:/Users/nitya/Zotero/storage/N45NCHMB/SED_Brown.pdf:application/pdf}
}

@article{bolzonella_tracking_2010,
	title = {Tracking the impact of environment on the galaxy stellar mass function up to \textit{z} {\textasciitilde} 1 in the 10 k {zCOSMOS} sample},
	volume = {524},
	issn = {0004-6361, 1432-0746},
	url = {http://www.aanda.org/10.1051/0004-6361/200912801},
	doi = {10.1051/0004-6361/200912801},
	urldate = {2014-05-05},
	journal = {Astronomy \& Astrophysics},
	author = {Bolzonella, M. and Kovač, K. and Pozzetti, L. and Zucca, E. and Cucciati, O. and Lilly, S. J. and Peng, Y. and Iovino, A. and Zamorani, G. and Vergani, D. and Tasca, L. A. M. and Lamareille, F. and Oesch, P. and Caputi, K. and Kampczyk, P. and Bardelli, S. and Maier, C. and Abbas, U. and Knobel, C. and Scodeggio, M. and Carollo, C. M. and Contini, T. and Kneib, J.-P. and Le Fèvre, O. and Mainieri, V. and Renzini, A. and Bongiorno, A. and Coppa, G. and de la Torre, S. and de Ravel, L. and Franzetti, P. and Garilli, B. and Le Borgne, J.-F. and Le Brun, V. and Mignoli, M. and Pelló, R. and Perez-Montero, E. and Ricciardelli, E. and Silverman, J. D. and Tanaka, M. and Tresse, L. and Bottini, D. and Cappi, A. and Cassata, P. and Cimatti, A. and Guzzo, L. and Koekemoer, A. M. and Leauthaud, A. and Maccagni, D. and Marinoni, C. and McCracken, H. J. and Memeo, P. and Meneux, B. and Porciani, C. and Scaramella, R. and Aussel, H. and Capak, P. and Halliday, C. and Ilbert, O. and Kartaltepe, J. and Salvato, M. and Sanders, D. and Scarlata, C. and Scoville, N. and Taniguchi, Y. and Thompson, D.},
	month = dec,
	year = {2010},
	pages = {A76},
	file = {2003MNRAS_344_1000B.pdf:/Users/nitya/Zotero/storage/E4UU9BFF/2003MNRAS_344_1000B.pdf:application/pdf;aa12801-09.pdf:/Users/nitya/Zotero/storage/K3WEX8KW/aa12801-09.pdf:application/pdf}
}

@article{kovac_zcosmos_2014,
	title = {{zCOSMOS} 20k: satellite galaxies are the main drivers of environmental effects in the galaxy population at least to z 0.7},
	volume = {438},
	issn = {0035-8711, 1365-2966},
	shorttitle = {{zCOSMOS} 20k},
	url = {http://mnras.oxfordjournals.org/cgi/doi/10.1093/mnras/stt2241},
	doi = {10.1093/mnras/stt2241},
	language = {en},
	number = {1},
	urldate = {2014-05-05},
	journal = {Monthly Notices of the Royal Astronomical Society},
	author = {Kovac, K. and Lilly, S. J. and Knobel, C. and Bschorr, T. J. and Peng, Y. and Carollo, C. M. and Contini, T. and Kneib, J.- P. and Le Fevre, O. and Mainieri, V. and Renzini, A. and Scodeggio, M. and Zamorani, G. and Bardelli, S. and Bolzonella, M. and Bongiorno, A. and Caputi, K. and Cucciati, O. and de la Torre, S. and de Ravel, L. and Franzetti, P. and Garilli, B. and Iovino, A. and Kampczyk, P. and Lamareille, F. and Le Borgne, J.- F. and Le Brun, V. and Maier, C. and Mignoli, M. and Oesch, P. and Pello, R. and Montero, E. P. and Presotto, V. and Silverman, J. and Tanaka, M. and Tasca, L. and Tresse, L. and Vergani, D. and Zucca, E. and Aussel, H. and Koekemoer, A. M. and Le Floc'h, E. and Moresco, M. and Pozzetti, L.},
	month = feb,
	year = {2014},
	pages = {717--738},
	file = {MNRAS-2014-Kova--717-38.pdf:/Users/nitya/Zotero/storage/VKP7W6GS/MNRAS-2014-Kova--717-38.pdf:application/pdf}
}

@article{behroozi_comprehensive_2010,
	title = {A {COMPREHENSIVE} {ANALYSIS} {OF} {UNCERTAINTIES} {AFFECTING} {THE} {STELLAR} {MASS}-{HALO} {MASS} {RELATION} {FOR} 0 \&lt; \textit{z} \&lt; 4},
	volume = {717},
	issn = {0004-637X, 1538-4357},
	url = {http://stacks.iop.org/0004-637X/717/i=1/a=379?key=crossref.071db50c18f649e02c1a6e87f354aec3},
	doi = {10.1088/0004-637X/717/1/379},
	number = {1},
	urldate = {2014-04-08},
	journal = {The Astrophysical Journal},
	author = {Behroozi, Peter S. and Conroy, Charlie and Wechsler, Risa H.},
	month = jul,
	year = {2010},
	pages = {379--403},
	file = {apj_717_1_379.pdf:/Users/nitya/Zotero/storage/3978K56B/apj_717_1_379.pdf:application/pdf}
}

@article{peng_mass_2012,
	title = {{MASS} {AND} {ENVIRONMENT} {AS} {DRIVERS} {OF} {GALAXY} {EVOLUTION}. {II}. {THE} {QUENCHING} {OF} {SATELLITE} {GALAXIES} {AS} {THE} {ORIGIN} {OF} {ENVIRONMENTAL} {EFFECTS}},
	volume = {757},
	issn = {0004-637X, 1538-4357},
	url = {http://stacks.iop.org/0004-637X/757/i=1/a=4?key=crossref.61d23d05cb942ca2994d74bd09a806e7},
	doi = {10.1088/0004-637X/757/1/4},
	number = {1},
	urldate = {2014-04-06},
	journal = {The Astrophysical Journal},
	author = {Peng, Ying-jie and Lilly, Simon J. and Renzini, Alvio and Carollo, Marcella},
	month = sep,
	year = {2012},
	pages = {4},
	file = {apj_757_1_4.pdf:/Users/nitya/Zotero/storage/ITCPN3HU/apj_757_1_4.pdf:application/pdf;MAGPHYS_readme.pdf:/Users/nitya/Zotero/storage/66XXCDAI/MAGPHYS_readme.pdf:application/pdf}
}

@article{ilbert_mass_2013,
	title = {Mass assembly in quiescent and star-forming galaxies since \textit{z} ≃ 4 from {UltraVISTA}},
	volume = {556},
	issn = {0004-6361, 1432-0746},
	url = {http://www.aanda.org/10.1051/0004-6361/201321100},
	doi = {10.1051/0004-6361/201321100},
	abstract = {We estimate the galaxy stellar mass function and stellar mass density for star-forming and quiescent galaxies with 0.2 {\textless} z {\textless} 4. We construct a large, deep (Ks {\textless} 24) sample of 220 000 galaxies selected using the new UltraVISTA DR1 data release. Our analysis is based on precise 30-band photometric redshifts. By comparing these photometric redshifts with 10,800 spectroscopic redshifts from the zCOSMOS bright and faint surveys, we ﬁnd a precision of σΔz/(1+z) = 0.008 at i+ {\textless} 22.5 and σΔz/(1+z) = 0.03 at 1.5 {\textless} z {\textless} 4. We derive the stellar mass function and correct for the Eddington bias. We ﬁnd a mass-dependent evolution of the global and starforming populations, with the low-mass end of the mass functions evolving more rapidly than the high-mass end. This mass-dependent evolution is a direct consequence of the star formation being “quenched” in galaxies more massive than M 1010.7−10.9M . For the mass function of the quiescent galaxies, we do not ﬁnd any signiﬁcant evolution of the high-mass end at z {\textless} 1; however we observe a clear ﬂattening of the faint-end slope. From z ∼ 3 to z ∼ 1, the density of quiescent galaxies increases over the entire mass range. Their comoving stellar mass density increases by 1.6 dex between z ∼ 3 and z ∼ 1 and by less than 0.2 dex at z {\textless} 1. We infer the star formation history from the mass density evolution. This inferred star formation history is in excellent agreement with instantaneous star formation rate measurements at z {\textless} 1.5, while we ﬁnd diﬀerences of 0.2 dex at z {\textgreater} 1.5 consistent with the expected uncertainties. We also develop a new method to infer the speciﬁc star formation rate from the mass function of star-forming galaxies. We ﬁnd that the speciﬁc star formation rate of 1010−10.5M galaxies increases continuously in the redshift range 1 {\textless} z {\textless} 4. Finally, we compare our results with a semi-analytical model and ﬁnd that these models overestimate the density of low mass quiescent galaxies by an order of magnitude, while the density of low-mass star-forming galaxies is successfully reproduced.},
	language = {en},
	urldate = {2018-04-06},
	journal = {Astronomy \& Astrophysics},
	author = {Ilbert, O. and McCracken, H. J. and Le Fèvre, O. and Capak, P. and Dunlop, J. and Karim, A. and Renzini, M. A. and Caputi, K. and Boissier, S. and Arnouts, S. and Aussel, H. and Comparat, J. and Guo, Q. and Hudelot, P. and Kartaltepe, J. and Kneib, J. P. and Krogager, J. K. and Le Floc’h, E. and Lilly, S. and Mellier, Y. and Milvang-Jensen, B. and Moutard, T. and Onodera, M. and Richard, J. and Salvato, M. and Sanders, D. B. and Scoville, N. and Silverman, J. D. and Taniguchi, Y. and Tasca, L. and Thomas, R. and Toft, S. and Tresse, L. and Vergani, D. and Wolk, M. and Zirm, A.},
	month = aug,
	year = {2013},
	pages = {A55},
	file = {Ilbert et al. - 2013 - Mass assembly in quiescent and star-forming galaxi.pdf:/Users/nitya/Zotero/storage/TA99SLJY/Ilbert et al. - 2013 - Mass assembly in quiescent and star-forming galaxi.pdf:application/pdf}
}